Category,name,mrp,discountPercent,availableQuantity,discountedSellingPrice,weightInGms,outOfStock,quantity,price_per_kg,total_revenue,discountValue
Fruits & Vegetables,Onion,2500,16,3,2100,1000,False,1,2100.0,6300,400
Fruits & Vegetables,Tomato Hybrid,4200,16,3,3500,1000,False,1,3500.0,10500,700
Fruits & Vegetables,Tender Coconut,5100,15,3,4300,58,False,1,74137.93103448277,12900,800
Fruits & Vegetables,Coriander Leaves,2000,15,3,1700,100,False,100,17000.0,5100,300
Fruits & Vegetables,Ladies Finger ,1400,14,3,1200,250,False,250,4800.0,3600,200
Fruits & Vegetables,Potato,3500,17,3,2900,1000,False,1,2900.0,8700,600
Fruits & Vegetables,Lemon,7500,16,3,6300,200,False,200,31500.0,18900,1200
Fruits & Vegetables,Watermelon ,5800,15,3,4900,58,False,1,84482.75862068965,14700,900
Fruits & Vegetables,Capsicum Green ,2300,17,3,1900,250,False,250,7600.0,5700,400
Fruits & Vegetables,Chilli Green ,1900,15,3,1600,100,False,100,16000.0,4800,300
Fruits & Vegetables,Banana Robusta,2900,17,3,2400,348,False,6,6896.55172413793,7200,500
Fruits & Vegetables,Garlic Indian ,1100,18,3,900,100,False,100,9000.0,2700,200
Fruits & Vegetables,Cauliflower,2600,15,3,2200,58,False,1,37931.034482758616,6600,400
Fruits & Vegetables,Ginger,1400,14,3,1200,200,False,200,6000.0,3600,200
Fruits & Vegetables,Spinach,1900,15,3,1600,250,False,250,6400.0,4800,300
Fruits & Vegetables,Muskmelon,4200,16,3,3500,58,False,1,60344.8275862069,10500,700
Fruits & Vegetables,Cabbage ,1500,13,3,1300,58,False,1,22413.79310344828,3900,200
Fruits & Vegetables,Methi,3000,16,3,2500,250,False,250,10000.0,7500,500
Fruits & Vegetables,Broccoli,3600,16,3,3000,500,False,500,6000.0,9000,600
Fruits & Vegetables,Sapota,3000,16,3,2500,348,False,6,7183.908045977011,7500,500
Fruits & Vegetables,Onion,6800,16,3,5700,3000,False,3,1900.0,17100,1100
Fruits & Vegetables,Potato,10000,16,3,8400,3000,False,3,2800.0,25200,1600
Fruits & Vegetables,Orange Nagpur,8200,15,3,6900,232,False,4,29741.37931034483,20700,1300
Fruits & Vegetables,Mint Leaves ,1100,18,3,900,100,False,100,9000.0,2700,200
Fruits & Vegetables,Beans French,3300,15,3,2800,250,False,250,11200.0,8400,500
Fruits & Vegetables,Bottle Gourd ,2600,15,3,2200,58,False,1,37931.034482758616,6600,400
Fruits & Vegetables,Banana Elaichi ,5800,15,3,4900,348,False,6,14080.459770114941,14700,900
Fruits & Vegetables,Coconut Big,3600,16,3,3000,58,False,1,51724.137931034486,9000,600
Fruits & Vegetables,Curry Leaves,1300,15,3,1100,50,False,50,22000.0,3300,200
Fruits & Vegetables,Brinjal Bharta,1900,15,3,1600,58,False,1,27586.20689655172,4800,300
Fruits & Vegetables,Lettuce Iceberg,2500,16,3,2100,250,False,250,8400.0,6300,400
Fruits & Vegetables,Papaya,5400,16,3,4500,58,False,1,77586.20689655172,13500,900
Fruits & Vegetables,Apple Shimla,14200,16,3,11900,232,False,4,51293.10344827586,35700,2300
Fruits & Vegetables,Bitter Gourd,1800,16,3,1500,250,False,250,6000.0,4500,300
Fruits & Vegetables,Brinjal Small,1800,16,3,1500,250,False,250,6000.0,4500,300
Fruits & Vegetables,Sweet Corn,3600,16,3,3000,116,False,2,25862.068965517243,9000,600
Fruits & Vegetables,Spring Onion ,1800,16,3,1500,250,False,250,6000.0,4500,300
Fruits & Vegetables,Bell Peppers Red & Yellow ,11800,16,3,9900,116,False,2,85344.82758620688,29700,1900
Fruits & Vegetables,Pomegranate ,10600,16,3,8900,116,False,2,76724.13793103448,26700,1700
Fruits & Vegetables,Sweet Lime,3000,16,3,2500,116,False,2,21551.724137931036,7500,500
Fruits & Vegetables,Baby Potato,1900,15,3,1600,500,False,500,3200.0,4800,300
Fruits & Vegetables,Coccinia,3200,15,3,2700,250,False,250,10800.0,8100,500
Fruits & Vegetables,Guava,5400,16,3,4500,232,False,4,19396.55172413793,13500,900
Fruits & Vegetables,Apple Washington,17700,15,3,14900,232,False,4,64224.13793103448,44700,2800
Fruits & Vegetables,Amla,3200,15,3,2700,250,False,250,10800.0,8100,500
Fruits & Vegetables,Beans Cluster,3000,16,3,2500,250,False,250,10000.0,7500,500
Fruits & Vegetables,Apple Royal Gala,18900,15,3,15900,232,False,4,68534.48275862068,47700,3000
Fruits & Vegetables,Chilli Bhaji,3000,16,3,2500,250,False,250,10000.0,7500,500
Fruits & Vegetables,Lettuce Green,2300,17,3,1900,100,False,100,19000.0,5700,400
Fruits & Vegetables,Baby Corn Peeled,3500,17,3,2900,250,False,250,11600.0,8700,600
Fruits & Vegetables,Mixed Sprouts,3500,17,3,2900,200,False,200,14500.0,8700,600
Fruits & Vegetables,Zucchini Green,3500,17,3,2900,250,False,250,11600.0,8700,600
Fruits & Vegetables,Beans Broad,4200,16,3,3500,250,False,250,14000.0,10500,700
Fruits & Vegetables,Raw Banana,2000,15,6,1700,500,False,500,3400.0,10200,300
Fruits & Vegetables,Colocasia ,2900,17,6,2400,500,False,500,4800.0,14400,500
Fruits & Vegetables,Tomato Cherry ,3500,17,3,2900,200,False,200,14500.0,8700,600
Fruits & Vegetables,Sweet Potato ,3800,15,3,3200,500,False,500,6400.0,9600,600
Fruits & Vegetables,Pineapple Slice,8900,15,3,7500,200,False,200,37500.0,22500,1400
Fruits & Vegetables,Orange,5400,16,3,4500,116,False,2,38793.10344827586,13500,900
Fruits & Vegetables,Dragon Fruit Imported,7000,15,3,5900,58,False,1,101724.13793103448,17700,1100
Fruits & Vegetables,Zucchini Yellow,4200,16,3,3500,250,False,500,14000.0,10500,700
Fruits & Vegetables,Apple Kinnaur,14200,16,6,11900,232,False,4,51293.10344827586,71400,2300
Fruits & Vegetables,Pineapple,9400,15,3,7900,58,False,1,136206.89655172412,23700,1500
Fruits & Vegetables,Basil,2000,15,3,1700,100,False,100,17000.0,5100,300
Fruits & Vegetables,Parsley,1700,17,3,1400,100,False,100,14000.0,4200,300
Fruits & Vegetables,Ridge Gourd,3000,16,3,2500,500,False,500,5000.0,7500,500
Fruits & Vegetables,Papaya Cut,4600,15,3,3900,200,False,200,19500.0,11700,700
Fruits & Vegetables,Pomegranate Peeled,5800,15,2,4900,100,False,100,49000.0,9800,900
Fruits & Vegetables,Pear Green Imported,8200,15,3,6900,116,False,2,59482.75862068966,20700,1300
Fruits & Vegetables,Guava Thai,7000,15,3,5900,116,False,2,50862.06896551724,17700,1100
Fruits & Vegetables,Lettuce Red,2000,15,3,1700,100,False,100,17000.0,5100,300
Fruits & Vegetables,Mango Raw,6000,16,3,5000,500,False,500,10000.0,15000,1000
Fruits & Vegetables,Biryani /Pulav Mix,5800,15,3,4900,250,False,250,19600.0,14700,900
Fruits & Vegetables,Banana Nendran,5400,16,6,4500,500,False,500,9000.0,27000,900
Fruits & Vegetables,Pumpkin Cut,3000,16,3,2500,200,False,200,12500.0,7500,500
Fruits & Vegetables,Banana Red,5400,16,6,4500,500,False,500,9000.0,27000,900
Fruits & Vegetables,Radish White,2300,17,6,1900,500,False,500,3800.0,11400,400
Fruits & Vegetables,Avocado Indian Premium,17700,15,3,14900,58,False,1,256896.5517241379,44700,2800
Fruits & Vegetables,Banana Leaf,1200,16,2,1000,58,False,1,17241.37931034483,2000,200
Fruits & Vegetables,Sponge Gourd,2500,16,2,2100,300,False,300,7000.0,4200,400
Fruits & Vegetables,Zama Organics Carrot,2000,15,3,1700,250,False,250,6800.0,5100,300
Fruits & Vegetables,Safal Frozen - Mixed Vegetables,11000,4,2,10500,1000,False,1,10500.0,21000,500
Fruits & Vegetables,Zama Organics Sweet Potato,3700,16,3,3100,250,False,250,12400.0,9300,600
Fruits & Vegetables,Beetroot,1600,18,3,1300,500,False,500,2600.0,3900,300
Fruits & Vegetables,Capsicum,2600,19,3,2100,500,False,500,4200.0,6300,500
Fruits & Vegetables,Carrot,1900,21,3,1500,500,False,500,3000.0,4500,400
Fruits & Vegetables,Garlic,1700,23,3,1300,200,False,200,6500.0,3900,400
Fruits & Vegetables,Carrot,1300,15,0,1100,250,True,200,4400.0,0,200
Fruits & Vegetables,Beetroot,1100,18,0,900,250,True,250,3600.0,0,200
Fruits & Vegetables,Moong Sprouts,3500,17,0,2900,200,True,200,14500.0,0,600
Fruits & Vegetables,Safal Frozen Mixed Vegetables,6000,5,0,5700,500,True,500,11400.0,0,300
Fruits & Vegetables,Safal Frozen Corn,4100,4,0,3900,200,True,200,19500.0,0,200
Fruits & Vegetables,Safal Frozen - Sweet Corn,16000,5,0,15200,1000,True,1,15200.0,0,800
Cooking Essentials,Maggi 2 Minute Masala Noodles,1200,0,6,1200,70,False,70,17142.85714285714,7200,0
Cooking Essentials,iD Idli & Dosa Batter ,8000,15,6,6800,1000,False,1,6800.0,40800,1200
Cooking Essentials,Tata Salt,2400,0,6,2400,1000,False,1,2400.0,14400,0
Cooking Essentials,Arden Eggs White,9700,0,4,9700,696,False,12,13936.781609195401,38800,0
Cooking Essentials,Arden Eggs White,6500,15,4,5500,348,False,6,15804.597701149425,22000,1000
Cooking Essentials,Fortune Sunlite Refined Sunflower (Pouch),23000,4,6,21900,1000,False,1,21900.0,131400,1100
Cooking Essentials,Aashirvaad Superior MP Atta,25000,2,6,24500,5000,False,5,4900.0,147000,500
Cooking Essentials,Amul Pure Ghee (Pouch),25500,2,6,24900,500,False,500,49800.0,149400,600
Cooking Essentials,Arden Eggs Brown,8500,7,4,7900,348,False,6,22701.149425287356,31600,600
Cooking Essentials,Tata Salt Lite,4000,10,6,3600,1000,False,1,3600.0,21600,400
Cooking Essentials,Saffola Gold Oil (Pouch),21500,0,6,21500,1000,False,1,21500.0,129000,0
Cooking Essentials,Fortune Sunlite Refined Sunflower (Jar),92500,0,6,92500,5000,False,5,18500.0,555000,0
Cooking Essentials,Fortune Rice Bran (Pouch),22500,11,6,19900,1000,False,1,19900.0,119400,2600
Cooking Essentials,Saffola Active Oil,21000,0,6,21000,1000,False,1,21000.0,126000,0
Cooking Essentials,Amul Pure Ghee (Pouch),50500,1,2,49900,1000,False,1,49900.0,99800,600
Cooking Essentials,Aashirvaad Atta,46000,13,6,39900,10000,False,10,3990.0,239400,6100
Cooking Essentials,Popular Essentials Toor Dal (Un-Polished),16000,6,4,14900,1000,False,1,14900.0,59600,1100
Cooking Essentials,Amul Ghee (Tin),52000,2,6,50900,1000,False,1,50900.0,305400,1100
Cooking Essentials,Amul Fresh Cream,19700,3,3,19100,1000,False,1,19100.0,57300,600
Cooking Essentials,Popular Essentials Pure Jaggery,5000,2,6,4900,450,False,450,10888.888888888889,29400,100
Cooking Essentials,Aashirvaad Multigrain Atta,6400,3,2,6200,1000,False,1,6200.0,12400,200
Cooking Essentials,Fortune Soyabean Oil,100500,0,6,99900,5000,False,5,19980.0,599400,600
Cooking Essentials,Popular Essentials Sunflower Seeds,2500,0,6,2500,50,False,50,50000.0,15000,0
Cooking Essentials,Tata Sampann kabuli chana,18500,1,4,18300,1000,False,500,18300.0,73200,200
Cooking Essentials,Dhara Groundnut Oil (Pouch),23000,11,6,20300,1000,False,1,20300.0,121800,2700
Cooking Essentials,Dhara Health Refined Sun Flower Oil Jar,120000,18,6,98400,5000,False,5,19680.0,590400,21600
Cooking Essentials,24 Mantra Organic Jaggery Powder,8000,15,6,6800,500,False,500,13600.0,40800,1200
Cooking Essentials,Tata Sampann High Protien Kabuli Chana,9400,0,1,9400,500,False,500,18800.0,9400,0
Cooking Essentials,Dhara Kachi Ghani Mustard Oil Jar,125000,8,6,114300,5000,False,5,22860.0,685800,10700
Cooking Essentials,D'lecta Dairy Cream,5400,5,6,5100,200,False,200,25500.0,30600,300
Cooking Essentials,Ching's Secret Instant Hot Garlic Noodles,1500,0,3,1500,60,False,60,25000.0,4500,0
Cooking Essentials,Dabur Ginger Garlic Paste,2500,8,3,2300,100,False,100,23000.0,6900,200
Cooking Essentials,Ching's Secret Instant Schezwan Noodles,1500,0,6,1500,60,False,60,25000.0,9000,0
Cooking Essentials,Gowardhan Ghee/Tuppa Jar,31500,1,6,30900,500,False,500,61800.0,185400,600
Cooking Essentials,Tata Sampann Unpolished Moong Dal ,9200,4,4,8800,500,False,500,17600.0,35200,400
Cooking Essentials,Aashirvaad Select Atta,6400,0,6,6400,1000,False,1,6400.0,38400,0
Cooking Essentials,Popular Essentials Misri Dana (Diamond Sugar) ,1500,0,4,1500,100,False,100,15000.0,6000,0
Cooking Essentials,Gowardhan Ghee Jar,59800,3,6,57900,1000,False,1,57900.0,347400,1900
Cooking Essentials,Top Ramen  Noodles Curry Veg Pouch,2000,0,1,2000,70,False,70,28571.428571428572,2000,0
Cooking Essentials,Popular Essentials Refined Sugar,6000,0,6,6000,1000,False,1,6000.0,36000,0
Cooking Essentials,Fortune Kachi Ghani Mustard Oil Bottle,21600,7,6,19900,1000,False,1,19900.0,119400,1700
Cooking Essentials,Saffola Veggie Twist Masala Oats,1500,0,6,1500,38,False,38,39473.68421052631,9000,0
Cooking Essentials,Satyam Puffed Rice Kurmura (R),2300,0,6,2300,200,False,200,11500.0,13800,0
Cooking Essentials,Quaker Oats,7900,0,2,7900,400,False,400,19750.0,15800,0
Cooking Essentials,Aashirvaad Select Sharbati Atta,31500,10,6,28300,5000,False,5,5660.0,169800,3200
Cooking Essentials,Popular Essentials Refined Sugar,29500,10,6,26500,5000,False,5,5300.0,159000,3000
Cooking Essentials,Gowardhan Cow Ghee Pouch,57900,10,6,52100,1000,False,1,52100.0,312600,5800
Cooking Essentials,Dhara Nourish Refined Sunflower Oil Pouch,21000,5,6,19900,1000,False,1,19900.0,119400,1100
Cooking Essentials,Parachute Oil ,4000,7,3,3700,100,False,100,37000.0,11100,300
Cooking Essentials,Popular Essentials Plain Puffed Rice (Murmura/Muri),1800,0,6,1800,100,False,100,18000.0,10800,0
Cooking Essentials,Amul Mithai Mate Condensed Sweetened Milk,5600,3,4,5400,200,False,200,27000.0,21600,200
Cooking Essentials,Saffola Gold (Jar),124000,0,6,124000,5000,False,5,24800.0,744000,0
Cooking Essentials,McCain New Mini Samosa with Cheese Pizza Style Filling,12000,1,3,11800,240,False,240,49166.666666666664,35400,200
Cooking Essentials,Fortune Rice Bran Health Oil (Jar),105000,1,6,103900,5000,False,5,20780.0,623400,1100
Cooking Essentials,Arden Desi Eggs,11000,13,4,9500,348,False,6,27298.850574712644,38000,1500
Cooking Essentials,Fortune Rozana Basmati Rice,58500,21,6,46200,5000,False,5,9240.0,277200,12300
Cooking Essentials,Fortune Biriyani Special Basmati Rice,17500,0,5,17500,1000,False,1,17500.0,87500,0
Cooking Essentials,Everest Garam Masala,7800,7,5,7200,100,False,100,72000.0,36000,600
Cooking Essentials,Popular Essentials Pumpkin Seeds,9000,16,6,7500,100,False,100,75000.0,45000,1500
Cooking Essentials,Fortune Soya Health Refined Soybean Oil,21000,1,2,20600,1000,False,1,20600.0,41200,400
Cooking Essentials,Gowardhan Pure Ghee Pouch,29500,4,6,28100,500,False,500,56200.0,168600,1400
Cooking Essentials,Popular Essentials Jeera/Cumin Seeds,4000,5,3,3800,100,False,100,38000.0,11400,200
Cooking Essentials,Weikfield Baking Soda,3000,3,6,2900,100,False,100,29000.0,17400,100
Cooking Essentials,Everest Pav Bhaji Masala,3700,10,4,3300,50,False,50,66000.0,13200,400
Cooking Essentials,Tata Sampann Unpolished Chana Dal,9500,6,2,8900,1000,False,500,8900.0,17800,600
Cooking Essentials,Amul Mithai Mate EOE Tin,11200,2,6,10900,400,False,400,27250.0,65400,300
Cooking Essentials,Pillsbury Chakki Fresh Atta,45000,16,6,37500,10000,False,10,3750.0,225000,7500
Cooking Essentials,Everest Chicken Masala,3900,2,1,3800,50,False,50,76000.0,3800,100
Cooking Essentials,Dhara Life Refined Ricebran Oil (Pouch),20500,7,6,19000,1000,False,1,19000.0,114000,1500
Cooking Essentials,Borges Extra Virgin Olive Oil,40000,25,1,29900,250,False,250,119600.0,29900,10100
Cooking Essentials,Everest Shahi Biryani Masala,7000,14,6,6000,50,False,50,120000.0,36000,1000
Cooking Essentials,Popular Essentials Californian Almond,35000,28,6,25100,250,False,250,100400.0,150600,9900
Cooking Essentials,Popular Essentials Ajwain Whole,2500,0,4,2500,50,False,50,50000.0,10000,0
Cooking Essentials,Everest Tikhalal Chilli Powder,23500,9,6,21200,500,False,500,42400.0,127200,2300
Cooking Essentials,Popular Essentials Kabuli Chana Regular,8500,9,6,7700,500,False,500,15400.0,46200,800
Cooking Essentials,Pillsbury Chakki Fresh Atta,5200,0,4,5200,1000,False,1,5200.0,20800,0
Cooking Essentials,Popular Essentials Saunf/Fennel Seeds,4500,2,6,4400,100,False,100,44000.0,26400,100
Cooking Essentials,Popular Essentials Bansi Sooji,3500,2,3,3400,500,False,500,6800.0,10200,100
Cooking Essentials,Happilo Premium International Queen Kalmi Dates,24500,29,6,17200,200,False,200,86000.0,103200,7300
Cooking Essentials,Tata Sampann Unpolished Urad Whole,10100,6,4,9400,500,False,500,18800.0,37600,700
Cooking Essentials,Popular Essentials Cashew Split,32500,12,6,28300,250,False,250,113200.0,169800,4200
Cooking Essentials,Popular Essentials Chana Dal (Un-Polished),6000,10,6,5400,500,False,500,10800.0,32400,600
Cooking Essentials,Tata Sampann Unpolished Rajma (Chitra),13400,6,6,12500,500,False,500,25000.0,75000,900
Cooking Essentials,Everest Garam Masala,4200,2,2,4100,50,False,50,82000.0,8200,100
Cooking Essentials,Everest Kitchen King Masala,7000,14,2,6000,100,False,100,60000.0,12000,1000
Cooking Essentials,24 Mantra Organic Cumin,7000,7,2,6500,100,False,100,65000.0,13000,500
Cooking Essentials,Nestle Milkmaid,13200,3,6,12800,400,False,400,32000.0,76800,400
Cooking Essentials,Popular Essentials Sona Masouri Steam Rice,6500,9,6,5900,1000,False,1,5900.0,35400,600
Cooking Essentials,24 Mantra Organic Tur Dal,26000,20,6,20800,1000,False,1,20800.0,124800,5200
Cooking Essentials,Gits Gulab Jamun Instant Dessert Mix,9900,10,6,8900,200,False,200,44500.0,53400,1000
Cooking Essentials,Popular Essentials Black Masoor Whole (Un-Polished),6500,10,3,5800,500,False,500,11600.0,17400,700
Cooking Essentials,24 Mantra Organic Peanuts,13500,7,1,12500,500,False,500,25000.0,12500,1000
Cooking Essentials,Everest Hingraj Powder,9000,10,2,8100,50,False,50,162000.0,16200,900
Cooking Essentials,Everest Black Pepper Powder,13500,14,6,11500,100,False,100,115000.0,69000,2000
Cooking Essentials,Tata Sampann Masoor Dal Stand,15000,10,4,13400,1000,False,1,13400.0,53600,1600
Cooking Essentials,24 Mantra Organic Besan,9500,7,5,8800,500,False,500,17600.0,44000,700
Cooking Essentials,Quaker Oats,19900,7,6,18400,1000,False,1,18400.0,110400,1500
Cooking Essentials,Saffola Gold Refined Cooking Oil (Jar),48500,7,6,44900,2000,False,2,22450.0,269400,3600
Cooking Essentials,Nestle Everyday Dairy Whitener,21000,0,4,21000,400,False,400,52500.0,84000,0
Cooking Essentials,24 Mantra Organic Red Poha,7500,8,1,6900,500,False,500,13800.0,6900,600
Cooking Essentials,Everest Powder - Tea Masala,9800,9,5,8900,100,False,100,89000.0,44500,900
Cooking Essentials,Tata Sampann Urad Dal Split,9400,4,6,9000,500,False,500,18000.0,54000,400
Cooking Essentials,Popular Essentials Idli Sooji ,3000,6,6,2800,500,False,500,5600.0,16800,200
Cooking Essentials,Popular Essentials Dessicated Coconut,9500,9,6,8600,200,False,200,43000.0,51600,900
Cooking Essentials,Sunfeast Yippee! Mood Masala Noodles,6000,28,3,4300,260,False,260,16538.46153846154,12900,1700
Cooking Essentials,Chef's Basket Durum Wheat Elbow Pasta,16000,50,6,8000,500,False,500,16000.0,48000,8000
Cooking Essentials,MTR Breakfast Khatta Meetha Poha Mix,2500,20,6,2000,60,False,60,33333.333333333336,12000,500
Cooking Essentials,Satyam Khobra,11300,10,5,10100,200,False,200,50500.0,50500,1200
Cooking Essentials,Betty Crocker Complete Pancake Mix Original,11000,4,6,10500,250,False,500,42000.0,63000,500
Cooking Essentials,Borges Durum Wheat Fusilli Pasta ,25000,0,3,25000,500,False,500,50000.0,75000,0
Cooking Essentials,24 Mantra Organic Green Moong Dal - Split,13500,0,2,13500,500,False,500,27000.0,27000,0
Cooking Essentials,Weikfield Vanilla Flavoured Custard Powder,3700,0,6,3700,100,False,100,37000.0,22200,0
Cooking Essentials,Tata Sampann Moong Dal Split,18000,1,5,17800,1000,False,200,17800.0,89000,200
Cooking Essentials,Tata Sampann Kala Chana,6400,0,5,6400,500,False,500,12800.0,32000,0
Cooking Essentials,Saffola Soya Chunks Mealmaker,5000,0,2,5000,200,False,200,25000.0,10000,0
Cooking Essentials,24 Mantra Bura Sugar (Demerara),8000,10,6,7200,500,False,500,14400.0,43200,800
Cooking Essentials,Popular Essentials Green Cardamom (Elaichi),20000,1,6,19800,50,False,50,396000.0,118800,200
Cooking Essentials,Hershey's Syrup Delicious Strawberry,9500,0,1,9500,200,False,200,47500.0,9500,0
Cooking Essentials,Popular Essentials Anjeer,19000,11,4,16900,100,False,100,169000.0,67600,2100
Cooking Essentials,Popular Essentials Mustard Seeds Rai Small,2000,0,2,2000,100,False,100,20000.0,4000,0
Cooking Essentials,Weikfield Baking Powder,3300,3,6,3200,100,False,100,32000.0,19200,100
Cooking Essentials,Dabur Honey Squeezy,18500,9,6,16700,225,False,225,74222.22222222223,100200,1800
Cooking Essentials,Tata Sampann High Protein Kali Urad,9100,14,6,7800,500,False,500,15600.0,46800,1300
Cooking Essentials,Everest Kitchen King Masala,3700,2,6,3600,50,False,50,72000.0,21600,100
Cooking Essentials,Chef's Basket Durum Wheat Fusilli Pasta,16000,50,6,8000,500,False,500,16000.0,48000,8000
Cooking Essentials,TilSona Til Oil,18000,10,2,16200,500,False,500,32400.0,32400,1800
Cooking Essentials,Top Ramen Chicken Noodles,6000,10,1,5400,280,False,280,19285.714285714286,5400,600
Cooking Essentials,Everest Chaat Masala,3500,2,1,3400,50,False,50,68000.0,3400,100
Cooking Essentials,Keya Wonder Red Hot Chilli Flakes,8900,10,2,8000,40,False,40,200000.0,16000,900
Cooking Essentials,Popular Essentials White Peas (Un-Polished),8000,10,5,7200,500,False,500,14400.0,36000,800
Cooking Essentials,Ching’s Secret Chowmein Hakka Noodles Masala ,4400,0,2,4400,60,False,60,73333.33333333333,8800,0
Cooking Essentials,Dhara Filtered Groundnut Oil (Jar),105000,1,6,103500,5000,False,5,20700.0,621000,1500
Cooking Essentials,Pillsbury Choco Chip Pancake Mix,9900,5,6,9400,165,False,165,56969.69696969697,56400,500
Cooking Essentials,Hershey's Caramel Syrup,23000,0,1,23000,623,False,623,36918.138041733546,23000,0
Cooking Essentials,Pillsbury Multi Grain Atta,6000,6,3,5600,1000,False,1,5600.0,16800,400
Cooking Essentials,McCain New Mini Samosa with Cheese Corn Style Filling,12000,1,2,11800,240,False,240,49166.666666666664,23600,200
Cooking Essentials,Satyam Puffed Rice Kurmura (A),4300,0,6,4300,200,False,200,21500.0,25800,0
Cooking Essentials,MTR 3 Min Poha,2500,0,6,2500,60,False,60,41666.666666666664,15000,0
Cooking Essentials,Ching's Manchurian Instant Noodles,1500,0,5,1500,60,False,60,25000.0,7500,0
Cooking Essentials,Everest Pav Bhaji Masala,7000,0,2,7000,100,False,100,70000.0,14000,0
Cooking Essentials,Hershey's Chocolate Flavour Syrup,22000,6,6,20500,623,False,680,32905.296950240765,123000,1500
Cooking Essentials,Popular Essentials Dhania (Coriander Seeds),5500,16,4,4600,200,False,200,23000.0,18400,900
Cooking Essentials,24 Mantra Red Chilly Whole,7000,7,1,6500,100,False,100,65000.0,6500,500
Cooking Essentials,Dabur Honey - World's No.1,12000,0,6,12000,250,False,250,48000.0,72000,0
Cooking Essentials,24 Mantra Organic Puffed Rice,4000,2,6,3900,200,False,200,19500.0,23400,100
Cooking Essentials,24 Mantra Organic Wheat Daliya ,4800,2,2,4700,500,False,500,9400.0,9400,100
Cooking Essentials,24 Mantra Organic Ragi Flour,6500,20,4,5200,500,False,500,10400.0,20800,1300
Cooking Essentials,Popular Essentials Cinnamon Whole (Dalchini),3500,5,6,3300,25,False,25,132000.0,19800,200
Cooking Essentials,Sundrop Super Lite Advanced - Sunflower Oil,21500,0,4,21500,1000,False,1,21500.0,86000,0
Cooking Essentials,Pillsbury Atta/Godihittu - Chakki Fresh,10200,7,4,9400,2000,False,2,4700.0,37600,800
Cooking Essentials,Popular Essentials Green Moong Chilka/Chilka (Un-Polished),8500,7,5,7900,500,False,500,15800.0,39500,600
Cooking Essentials,Popular Essentials HMT Kolam Steam,7500,0,3,7500,1000,False,1,7500.0,22500,0
Cooking Essentials,Popular Essentials Black Urad Split,8000,10,4,7200,500,False,500,14400.0,28800,800
Cooking Essentials,Keya Oregano,10900,10,5,9800,9,False,9,1088888.888888889,49000,1100
Cooking Essentials,Popular Essentials Pink Rajma,10000,10,6,9000,500,False,500,18000.0,54000,1000
Cooking Essentials,Everest Chicken Masala,7400,2,6,7200,100,False,100,72000.0,43200,200
Cooking Essentials,Popular Essentials HMT Kolam Steam,37000,10,6,33300,5000,False,5,6660.0,199800,3700
Cooking Essentials,Everest Shahi Paneer Masala,4200,4,5,4000,50,False,50,80000.0,20000,200
Cooking Essentials,Godrej Yummiez Chicken Nuggets,32500,9,1,29300,500,False,500,58600.0,29300,3200
Cooking Essentials,Flying Bird Vanilla Essence,3500,2,6,3400,20,False,20,170000.0,20400,100
Cooking Essentials,Everest Sabji Masala,3000,3,6,2900,50,False,50,58000.0,17400,100
Cooking Essentials,Popular Essentials Californian Almond,69500,32,6,47000,500,False,500,94000.0,282000,22500
Cooking Essentials,Cornitos Cornitos Taco Shells - 4 Inches,11000,20,6,8800,80,False,80,110000.0,52800,2200
Cooking Essentials,Everest Rajma Masala,3300,3,5,3200,50,False,50,64000.0,16000,100
Cooking Essentials,Popular Essentials White Til,4000,5,1,3800,100,False,100,38000.0,3800,200
Cooking Essentials,Amul Dark Compound Chocolate Slab,12500,2,6,12200,500,False,500,24400.0,73200,300
Cooking Essentials,Mothers Recipe Papad Chana Masala,7900,10,6,7100,200,False,200,35500.0,42600,800
Cooking Essentials,Ching's Schezwan Masala Instant Noodles,6000,0,1,6000,240,False,240,25000.0,6000,0
Cooking Essentials,Amul Milk Compound Chocolate Slab,11000,2,6,10700,500,False,500,21400.0,64200,300
Cooking Essentials,Eastern Chicken Masala,7000,7,3,6500,100,False,100,65000.0,19500,500
Cooking Essentials,Popular Essentials Methi Seeds,2500,0,5,2500,100,False,100,25000.0,12500,0
Cooking Essentials,Saffola Yummy Masala Noodles ,2000,0,2,2000,46,False,46,43478.260869565216,4000,0
Cooking Essentials,Cadbury Hot Chocolate,17500,5,6,16600,200,False,200,83000.0,99600,900
Cooking Essentials,Ching's Chicken Chilli Masala,1000,0,6,1000,20,False,20,50000.0,6000,0
Cooking Essentials,Dabur Keora water - Authentic flavour for Biryani's and Desserts,6200,6,6,5800,250,False,250,23200.0,34800,400
Cooking Essentials,Popular Essentials Black Cardamom/Elaichi ,10000,10,6,9000,50,False,50,180000.0,54000,1000
Cooking Essentials,Popular Essentials Idli Rice,6000,10,4,5400,1000,False,1,5400.0,21600,600
Cooking Essentials,Everest Chole Masala,3300,3,1,3200,50,False,50,64000.0,3200,100
Cooking Essentials,Dabur Hommade Tamarind Paste,4800,6,6,4500,200,False,200,22500.0,27000,300
Cooking Essentials,"""Maggi Magic Cubes, Vegetarian Masala (Free 2 Cubes Inside)""",3500,2,6,3400,48,False,48,70833.33333333333,20400,100
Cooking Essentials,Popular Essentials Cooking Soda,3000,10,6,2700,200,False,200,13500.0,16200,300
Cooking Essentials,RRO Primio Refined Groundnut Oil Pet Bottle,25500,6,2,23900,1000,False,1,23900.0,47800,1600
Cooking Essentials,Everest Pani Puri Masala,3100,3,6,3000,50,False,50,60000.0,18000,100
Cooking Essentials,Nissin Cup Noodles Tangy Tomato,5000,10,2,4500,70,False,70,64285.71428571429,9000,500
Cooking Essentials,Ching's Veg Manchurian Masala,1000,0,2,1000,20,False,20,50000.0,2000,0
Cooking Essentials,Ceres Foods Fish Mustard Instant Liquid Masala,22000,50,6,11000,200,False,200,55000.0,66000,11000
Cooking Essentials,Everest Garam Masala,15800,10,6,14200,200,False,200,71000.0,85200,1600
Cooking Essentials,24 Mantra Organic Jowar Flour,7000,7,6,6500,500,False,500,13000.0,39000,500
Cooking Essentials,Maggi Coconut Milkpowder,10000,0,6,10000,100,False,100,100000.0,60000,0
Cooking Essentials,On1y Pepper Grinder,15900,9,1,14400,50,False,50,288000.0,14400,1500
Cooking Essentials,Popular Essentials Rice Flour,6000,0,3,6000,1000,False,1,6000.0,18000,0
Cooking Essentials,Sunfeast Yippee! Pasta Treat - Sour Cream Onion,2800,10,1,2500,65,False,65,38461.53846153846,2500,300
Cooking Essentials,24 Mantra Organic Brown Sona Masoori Rice,9500,0,6,9500,1000,False,1,9500.0,57000,0
Cooking Essentials,Happilo Premium Afghani Anjeer,36500,29,2,25600,200,False,200,128000.0,51200,10900
Cooking Essentials,Popular Essentials Chiroti Sooji,3500,2,6,3400,500,False,500,6800.0,20400,100
Cooking Essentials,RRO Til Dil Premium Til Oil Bottle,33000,10,5,29400,1000,False,1,29400.0,147000,3600
Cooking Essentials,Popular Essentials Red Rajma,9000,10,6,8100,500,False,500,16200.0,48600,900
Cooking Essentials,Cornitos Peanut - Premium Salted ,12000,10,6,10800,150,False,150,72000.0,64800,1200
Cooking Essentials,Popular Essentials Black Pepper,10000,10,5,9000,100,False,100,90000.0,45000,1000
Cooking Essentials,24 Mantra Organic Tur Dal - Split,13000,7,6,12000,500,False,500,24000.0,72000,1000
Cooking Essentials,Sugarfree Gold Low Calorie Sweetner,6500,6,3,6100,110,False,100,55454.545454545456,18300,400
Cooking Essentials,Ching's Secret Paneer Chilli Masala,1000,0,2,1000,20,False,20,50000.0,2000,0
Cooking Essentials,Dabur Honey ,22000,7,3,20400,500,False,500,40800.0,61200,1600
Cooking Essentials,Sunfeast Yippee! Pasta Treat - Sour Cream Onion,2800,17,3,2300,65,False,65,35384.61538461539,6900,500
Cooking Essentials,Everest Tea Masala,5500,9,2,5000,50,False,50,100000.0,10000,500
Cooking Essentials,Ching's Paneer Chilli Masala,4400,0,4,4400,60,False,60,73333.33333333333,17600,0
Cooking Essentials,Sunfeast YiPPee! Magic Masala Noodles,7000,10,3,6300,405,False,405,15555.555555555555,18900,700
Cooking Essentials,Everest Meat Masala Powder,7400,9,3,6700,100,False,100,67000.0,20100,700
Cooking Essentials,Pillsbury Atta With Multigrains Wheat Grains,29500,16,6,24500,5000,False,5,4900.0,147000,5000
Cooking Essentials,Mother's Recipe Tamarind Paste,5000,2,6,4900,200,False,200,24500.0,29400,100
Cooking Essentials,Quaker Oats Breakfast Cereals - With Flavour Mix Nutritious Rich Source Of Energy,4900,8,6,4500,200,False,200,22500.0,27000,400
Cooking Essentials,Popular Essentials Cloves (Lavang),7500,17,6,6200,50,False,50,124000.0,37200,1300
Cooking Essentials,Sunfeast Yippee! Power Up Atta Noodles,9600,15,6,8100,280,False,280,28928.571428571428,48600,1500
Cooking Essentials,Suhana Paneer Tikka Masala Mix,4000,5,6,3800,50,False,50,76000.0,22800,200
Cooking Essentials,24 Mantra Turmeric Powder,3500,2,6,3400,100,False,100,34000.0,20400,100
Cooking Essentials,24 Mantra Super Grain Quinoa,19000,0,4,19000,500,False,500,38000.0,76000,0
Cooking Essentials,Everest Powder - Egg Curry Masala,4000,2,6,3900,50,False,50,78000.0,23400,100
Cooking Essentials,Popular Essentials Pe Shah Jeera ,6000,15,6,5100,50,False,50,102000.0,30600,900
Cooking Essentials,24 Mantra Organic Sattu Atta,9500,0,6,9500,500,False,500,19000.0,57000,0
Cooking Essentials,Smith & Jones Pasta Masala,4600,0,6,4600,54,False,54,85185.1851851852,27600,0
Cooking Essentials,Weikfield Vanilla Custard Powder,14200,9,3,12800,500,False,500,25600.0,38400,1400
Cooking Essentials,Sugarfree Natura Low Calorie Sweetner ,30000,10,3,27000,42,False,42,642857.1428571428,81000,3000
Cooking Essentials,Pillsbury Vanilla Custard Powder,3700,2,6,3600,100,False,100,36000.0,21600,100
Cooking Essentials,24 Mantra Organic Rajma,14500,0,6,14500,500,False,500,29000.0,87000,0
Cooking Essentials,Popular Essentials Broken Wheat/Daliya,3500,2,6,3400,500,False,500,6800.0,20400,100
Cooking Essentials,Zorabian Chicken Smoked Ham,20500,5,1,19400,250,False,250,77600.0,19400,1100
Cooking Essentials,Smith & Jones Peri Peri Masala,9900,0,6,9900,75,False,75,132000.0,59400,0
Cooking Essentials,Saffola Veggie Twist Masala Oats,19500,12,2,17100,500,False,500,34200.0,34200,2400
Cooking Essentials,Popular Essentials Urad Dal Split (Un-Polished),8500,9,5,7700,500,False,500,15400.0,38500,800
Cooking Essentials,Weikfield Baking Powder,2200,0,6,2200,50,False,50,44000.0,13200,0
Cooking Essentials,Popular Essentials Bajra Whole,6500,13,6,5600,1000,False,1,5600.0,33600,900
Cooking Essentials,Weikfield Veg Jelly Crystals - Strawberry,4500,2,6,4400,90,False,90,48888.88888888888,26400,100
Cooking Essentials,Weikfield Veg Jelly Crystals - Raspberry,4500,2,6,4400,90,False,90,48888.88888888888,26400,100
Cooking Essentials,Popular Essentials Masoor Dal Split (Un-Polished),7000,10,4,6300,500,False,500,12600.0,25200,700
Cooking Essentials,Popular Essentials Ajwain Whole,5000,12,2,4400,100,False,100,44000.0,8800,600
Cooking Essentials,Popular Essentials Pista Salted (With Shell),47000,21,5,37100,250,False,250,148400.0,185500,9900
Cooking Essentials,The Bake Shop Bread Crumbs,5000,6,3,4700,400,False,400,11750.0,14100,300
Cooking Essentials,Popular Essentials Horse Gram,4000,10,4,3600,500,False,500,7200.0,14400,400
Cooking Essentials,Hershey's Chocolate Syrup,9500,0,4,9500,200,False,200,47500.0,38000,0
Cooking Essentials,Godrej Yummiez Chilli Chicken Sausages ,16000,10,3,14400,250,False,250,57600.0,43200,1600
Cooking Essentials,Everest Kasuri Methi,2500,0,6,2500,25,False,25,100000.0,15000,0
Cooking Essentials,Satyam Makhana,20800,0,6,20800,100,False,100,208000.0,124800,0
Cooking Essentials,Everest Tandoori Chicken Masala,3900,2,5,3800,50,False,50,76000.0,19000,100
Cooking Essentials,Weikfield Falooda Mix - Kesar Pista,4900,2,3,4800,200,False,200,24000.0,14400,100
Cooking Essentials,Weikfield Cocoa Powder,7000,7,6,6500,50,False,50,130000.0,39000,500
Cooking Essentials,Pantai Coconut Cream,15000,4,4,14300,400,False,400,35750.0,57200,700
Cooking Essentials,Popular Essentials Coriander Seeds,1500,0,5,1500,50,False,50,30000.0,7500,0
Cooking Essentials,Ching's Singapore Curry Instant Noodles,6000,0,4,6000,240,False,240,25000.0,24000,0
Cooking Essentials,Eastern Fish Masala,4800,2,5,4700,100,False,100,47000.0,23500,100
Cooking Essentials,Pillsbury Atta/Godihittu - Chakki Fresh,27500,0,6,27500,5000,False,5,5500.0,165000,0
Cooking Essentials,"Oleev Smart Oil Fortified with VIT A, D, E & K (Pouch)",21500,9,4,19400,1000,False,1,19400.0,77600,2100
Cooking Essentials,Everest Dry Ginger Powder,7500,9,4,6800,100,False,100,68000.0,27200,700
Cooking Essentials,Pillsbury Cooker Cake Mix - Choco,10000,11,6,8900,159,False,159,55974.842767295595,53400,1100
Cooking Essentials,Hersheys Chocolate Almond Syrup,20000,0,2,20000,450,False,450,44444.444444444445,40000,0
Cooking Essentials,Satyam Nighties Spices  Chilli Pandi,5600,7,5,5200,100,False,100,52000.0,26000,400
Cooking Essentials,Popular Essentials Popular Essential Pista Salted (With Shell),19000,10,6,17100,100,False,100,171000.0,102600,1900
Cooking Essentials,Godrej Yummiez Chicken Punjabi Tikka ,29500,9,6,26600,360,False,360,73888.88888888889,159600,2900
Cooking Essentials,Popular Essentials Rozana Sona Masuri Raw Rice,35000,10,5,31200,5000,False,5,6240.0,156000,3800
Cooking Essentials,24 Mantra Mustard Oil (Cold Pressed) ,35000,10,6,31200,1000,False,1,31200.0,187200,3800
Cooking Essentials,24 Mantra Organic Black Pepper,17000,7,6,15700,100,False,100,157000.0,94200,1300
Cooking Essentials,Popular Essentials Green Moong Whole,9000,16,3,7500,500,False,500,15000.0,22500,1500
Cooking Essentials,24 Mantra Organic Masoor Dal - Split,9500,7,6,8800,500,False,500,17600.0,52800,700
Cooking Essentials,Praakritik Organic Natural Rock Salt,6000,6,3,5600,500,False,500,11200.0,16800,400
Cooking Essentials,24 Mantra Sunflower Oil (Cold Pressed) Pet Bottle,39000,11,5,34700,1000,False,1,34700.0,173500,4300
Cooking Essentials,"Ching's Secret Instant Noodles, Hot Garlic",6000,0,4,6000,240,False,240,25000.0,24000,0
Cooking Essentials,Saffola Everyday Peppy Tomato Masala Oats,19500,12,6,17100,500,False,500,34200.0,102600,2400
Cooking Essentials,Dabur 100% Pure Honey - Worlds No.1,43000,10,6,38700,1000,False,1,38700.0,232200,4300
Cooking Essentials,Popular Essentials Star Anise,7000,10,5,6300,25,False,25,252000.0,31500,700
Cooking Essentials,Ching's Secret Chicken 65 Masala - Chicken,1000,0,5,1000,20,False,20,50000.0,5000,0
Cooking Essentials,Cadbury Cocoa Powder,22300,5,6,21100,150,False,150,140666.66666666666,126600,1200
Cooking Essentials,Praakritik Natural Desi Gir Cow A2 Ghee,145000,10,6,130500,540,False,540,241666.66666666666,783000,14500
Cooking Essentials,Praakritik Organic Poha,12000,6,5,11200,500,False,500,22400.0,56000,800
Cooking Essentials,Praakritik Organic Natural Wild Forest Honey,16000,6,4,15000,200,False,200,75000.0,60000,1000
Cooking Essentials,Popular Essentials Dry Dates (Kharak),14000,15,6,11800,250,False,250,47200.0,70800,2200
Cooking Essentials,Popular Essentials Kashmiri Red Rajma,9500,6,4,8900,500,False,500,17800.0,35600,600
Cooking Essentials,Dabur Hommade - Garlic Paste,5000,6,6,4700,200,False,200,23500.0,28200,300
Cooking Essentials,Dabur 100% Pure Honey,33000,10,1,29700,400,False,400,74250.0,29700,3300
Cooking Essentials,Ching's Schezwan Fried Rice(Miracle Masala),4400,0,5,4400,60,False,60,73333.33333333333,22000,0
Cooking Essentials,"""Maggi Magic Cubes, Vegetarian Masala""",3500,2,1,3400,40,False,40,85000.0,3400,100
Cooking Essentials,Everest Tandoori Chicken Masala,7400,9,3,6700,100,False,100,67000.0,20100,700
Cooking Essentials,Popular Essentials Red Poha,4500,4,6,4300,500,False,500,8600.0,25800,200
Cooking Essentials,Everest Kitchen King Masala,14200,9,6,12800,200,False,200,64000.0,76800,1400
Cooking Essentials,Pillsbury Oven Cake Mix - Rich Chocolate,16500,10,5,14700,285,False,285,51578.94736842105,73500,1800
Cooking Essentials,Eastern Super Garam Masala,7400,6,2,6900,200,False,200,34500.0,13800,500
Cooking Essentials,Maggi Magic Cubes Extra Chicken,4000,2,6,3900,48,False,48,81250.0,23400,100
Cooking Essentials,Satyam Nighties Spices  Chilli Kashmiri,10200,6,6,9500,100,False,100,95000.0,57000,700
Cooking Essentials,Eastern Cumin Powder,4900,2,6,4800,100,False,100,48000.0,28800,100
Cooking Essentials,Popular Essentials Urad Gola White(Un-Polished),9000,10,6,8100,500,False,500,16200.0,48600,900
Cooking Essentials,24 Mantra Organic Chana Dal,9500,6,5,8900,500,False,500,17800.0,44500,600
Cooking Essentials,Delight Nuts Cashew Roasted & Salted,42500,20,6,34000,200,False,200,170000.0,204000,8500
Cooking Essentials,Popular Essentials Mace/Javitri,9000,10,3,8100,20,False,20,405000.0,24300,900
Cooking Essentials,Dlicia Whip Topping Bottle,23500,27,5,17100,1000,False,1,17100.0,85500,6400
Cooking Essentials,Mother's Recipe Paste Ginger & Garlic,7600,10,4,6800,300,False,300,22666.666666666668,27200,800
Cooking Essentials,24 Mantra Groundnut Oil (Cold Pressed) Pet Bottle,41000,10,6,36900,1000,False,1,36900.0,221400,4100
Cooking Essentials,Satyam Pulses Masur Dal,8700,6,6,8100,500,False,500,16200.0,48600,600
Cooking Essentials,Delight Nuts Pista Roasted & Salted,42500,20,6,34000,200,False,200,170000.0,204000,8500
Cooking Essentials,"Top Ramen Noodles, Atta",8000,0,1,8000,280,False,280,28571.428571428572,8000,0
Cooking Essentials,Hershey's Cocoa Powder,9500,0,5,9500,70,False,70,135714.2857142857,47500,0
Cooking Essentials,Praakritik Organic Singhara Atta,24000,6,4,22500,500,False,500,45000.0,90000,1500
Cooking Essentials,Gits Veg Biryani Ready to Eat,11000,10,6,9900,265,False,265,37358.49056603774,59400,1100
Cooking Essentials,Delight Nuts Cranberries Sliced ,29900,20,6,23900,200,False,200,119500.0,143400,6000
Cooking Essentials,Borges Durum Wheat Pasta Superior Quality,25000,40,6,14900,500,False,500,29800.0,89400,10100
Cooking Essentials,Ceres Foods Laal Maas Instant Liquid Masala,22000,50,5,11000,200,False,200,55000.0,55000,11000
Cooking Essentials,Popular Essentials Sattu Atta,9000,12,3,7900,500,False,500,15800.0,23700,1100
Cooking Essentials,Popular Essentials Mustard Seeds Rai Yellow,2500,0,5,2500,100,False,100,25000.0,12500,0
Cooking Essentials,Praakritik Organic Extra Virgin Coconut Oil,15000,10,5,13400,100,False,100,134000.0,67000,1600
Cooking Essentials,Praakritik Organic Garlic Powder,11000,1,5,10800,100,False,100,108000.0,54000,200
Cooking Essentials,Sugarfree Gold Low Calorie Sweetner ,12500,5,6,11800,100,False,100,118000.0,70800,700
Cooking Essentials,Aashirvaad Breakfast Instant Mix - Rice Idli,7500,30,6,5200,200,False,200,26000.0,31200,2300
Cooking Essentials,Kitchens Of India Mutter Paneer,13000,4,6,12400,285,False,285,43508.771929824565,74400,600
Cooking Essentials,Ching's Secret Veg Manchurian Masala,4400,0,6,4400,60,False,60,73333.33333333333,26400,0
Cooking Essentials,Popular Essentials Jowa Flour,5000,2,5,4900,500,False,500,9800.0,24500,100
Cooking Essentials,Everest Shahi Biryani Masala,24500,0,6,24500,200,False,200,122500.0,147000,0
Cooking Essentials,Popular Essentials Black Til,5000,6,4,4700,100,False,100,47000.0,18800,300
Cooking Essentials,Popular Essentials Pancharatna Dal,8000,10,6,7200,500,False,500,14400.0,43200,800
Cooking Essentials,Saffola 100% Pure Honey,47500,8,2,43700,1000,False,750,43700.0,87400,3800
Cooking Essentials,Popular Essentials Tamarind,15000,14,6,12800,500,False,500,25600.0,76800,2200
Cooking Essentials,Gits Rice Dosa Instant Breakfast Mix,6000,5,5,5700,200,False,200,28500.0,28500,300
Cooking Essentials,Popular Essentials Poppy Seeds (Gasagase),28000,7,6,26000,100,False,100,260000.0,156000,2000
Cooking Essentials,Hershey's Hot Chocolate Powder,21000,0,4,21000,250,False,250,84000.0,84000,0
Cooking Essentials,Borges Farfalle Durum Wheat Pasta ,25000,0,5,25000,500,False,500,50000.0,125000,0
Cooking Essentials,Satyam Chilli  Bedgi,8200,10,5,7300,100,False,100,73000.0,36500,900
Cooking Essentials,Aashirvaad Instant Mix - Rice Dosa,7500,30,6,5200,200,False,200,26000.0,31200,2300
Cooking Essentials,Hershey's Cocoa - Natural Unsweetened,27000,10,4,24300,225,False,225,108000.0,97200,2700
Cooking Essentials,Weikfield Veg Jelly Crystals - Mango,4500,2,6,4400,90,False,90,48888.88888888888,26400,100
Cooking Essentials,Praakritik Orrganic Cold Pressed Sesame Oil,13000,10,5,11700,100,False,100,117000.0,58500,1300
Cooking Essentials,Amulya Dairy Whitener ,38000,2,4,37200,1000,False,1,37200.0,148800,800
Cooking Essentials,ITC Master Chef Hyderabadi Biryani,7500,30,5,5200,80,False,80,65000.0,26000,2300
Cooking Essentials,Flying Bird Butter Scotch Essence,5000,2,6,4900,20,False,20,245000.0,29400,100
Cooking Essentials,Dabur Hommade - Ginger Paste,5000,6,6,4700,200,False,200,23500.0,28200,300
Cooking Essentials,Popular Essentials Green Peas (Un-Polished),12000,10,5,10800,500,False,500,21600.0,54000,1200
Cooking Essentials,Quaker Oats Pouch,27600,10,6,24800,1500,False,1,16533.333333333336,148800,2800
Cooking Essentials,24 Mantra Organic Urad White Whole,14500,15,4,12200,500,False,500,24400.0,48800,2300
Cooking Essentials,Popular Essentials Guntur Chilli Stemless,4000,2,2,3900,100,False,100,39000.0,7800,100
Cooking Essentials,Popular Essentials Moth Whole,9000,10,6,8100,500,False,500,16200.0,48600,900
Cooking Essentials,Keya Pizza Seasoning,10900,17,6,9000,45,False,45,200000.0,54000,1900
Cooking Essentials,Keya Piri Piri | Exotic Spices Mix,10900,20,6,8700,80,False,80,108750.0,52200,2200
Cooking Essentials,24 Mantra Organic Moong Dal,13500,7,6,12500,500,False,500,25000.0,75000,1000
Cooking Essentials,Betty Crocker French Vanilla Cake Mix,31000,10,6,27600,520,False,520,53076.92307692308,165600,3400
Cooking Essentials,Delight Nuts Dried Cranberries ,34000,20,6,27200,200,False,200,136000.0,163200,6800
Cooking Essentials,Everest Kesari Milk Masala,20500,0,2,20500,50,False,50,410000.0,41000,0
Cooking Essentials,Tong Garden Salted Cocktail Nuts,29500,9,5,26600,160,False,160,166250.0,133000,2900
Cooking Essentials,MTR Uttapam Mix,16500,5,6,15600,500,False,500,31200.0,93600,900
Cooking Essentials,Gits Khaman Dhokla Instant Snack Mix,6500,6,6,6100,180,False,180,33888.88888888888,36600,400
Cooking Essentials,Happilo Premium 100% Natural Whole Cashews,33500,29,6,23500,200,False,200,117500.0,141000,10000
Cooking Essentials,Everest Dry Mango Powder,8000,0,5,8000,100,False,100,80000.0,40000,0
Cooking Essentials,Dabur Hommade - Ginger Garlic Past Tub,11000,5,6,10400,400,False,400,26000.0,62400,600
Cooking Essentials,Everest Chicken Masala,14700,10,6,13200,200,False,200,66000.0,79200,1500
Cooking Essentials,Gits Medu Vada Instant Snack Mix,9000,4,6,8600,200,False,200,43000.0,51600,400
Cooking Essentials,Weikfield Drinking Chocolate Powder,6500,10,6,5800,100,False,100,58000.0,34800,700
Cooking Essentials,Popular Essentials Regular White Lobia,7000,10,6,6300,500,False,500,12600.0,37800,700
Cooking Essentials,Puro Healthy Salt Crystal,13500,7,6,12500,1000,False,1,12500.0,75000,1000
Cooking Essentials,Popular Essentials Premium Jeera Rice,14000,0,5,14000,1000,False,1,14000.0,70000,0
Cooking Essentials,Smith & Jones Shahi Paneer Masala Mix,4400,0,6,4400,60,False,60,73333.33333333333,26400,0
Cooking Essentials,Betty Crocker Mug Treats - Chocolate Mix - Pack of 4,20000,11,6,17800,264,False,264,67424.24242424242,106800,2200
Cooking Essentials,Smith & Jones Pasta Masala,6000,10,5,5400,108,False,108,50000.0,27000,600
Cooking Essentials,Catch Black Pepper Sprinkler,10000,0,1,10000,50,False,50,200000.0,10000,0
Cooking Essentials,Weikfield Cooker Cake Mix - Chocolate,9500,6,6,8900,150,False,150,59333.333333333336,53400,600
Cooking Essentials,ITC Master Chef Butter Chicken,7500,30,6,5200,80,False,80,65000.0,31200,2300
Cooking Essentials,Masala Oats Masala & Coriander ,19500,9,5,17600,500,False,500,35200.0,88000,1900
Cooking Essentials,Smith & Jones Mutter Paneer Masala,4200,0,6,4200,60,False,60,70000.0,25200,0
Cooking Essentials,Kitchens of India Dal Bukhara Gravy Mix,11000,30,6,7700,285,False,285,27017.543859649122,46200,3300
Cooking Essentials,Popular Essentials Fried Gram (Bengal Gram),7000,10,6,6300,500,False,500,12600.0,37800,700
Cooking Essentials,Gits Jalebi with Maker Dessert Mix,7500,16,6,6300,100,False,100,63000.0,37800,1200
Cooking Essentials,Popular Essentials Soya Beans ,8000,6,6,7500,500,False,500,15000.0,45000,500
Cooking Essentials,24 Mantra Organic Roasted Bengal Gram Dal,10500,7,6,9700,500,False,500,19400.0,58200,800
Cooking Essentials,Keya Italian Seasoning,10900,10,6,9800,35,False,35,280000.0,58800,1100
Cooking Essentials,MTR Idli/Dosa/Chilly Chutney Powder,11500,0,3,11500,200,False,200,57500.0,34500,0
Cooking Essentials,Delight Nuts Trail Mix ,39900,25,6,29900,200,False,200,149500.0,179400,10000
Cooking Essentials,Praakritik Organic Chilka Moong Dal,12000,10,6,10800,500,False,500,21600.0,64800,1200
Cooking Essentials,Smith & Jones Garlic & Herbs Masala Mix,9900,0,6,9900,75,False,75,132000.0,59400,0
Cooking Essentials,Eastern Tamarind,6300,0,6,6300,200,False,200,31500.0,37800,0
Cooking Essentials,Tong Garden Wasabi Coated Greenpeas Tin,20000,11,6,17800,180,False,180,98888.88888888889,106800,2200
Cooking Essentials,Flying Bird Pineapple Artifical Food Essence,5000,2,6,4900,20,False,20,245000.0,29400,100
Cooking Essentials,Mother's Recipe Tamarind Paste,5000,2,2,4900,200,False,200,24500.0,9800,100
Cooking Essentials,Japanese Choice Udon Noodles,29500,9,6,26600,250,False,250,106400.0,159600,2900
Cooking Essentials,Pantai Coconut Milk,15000,0,4,15000,400,False,400,37500.0,60000,0
Cooking Essentials,Praakritik Organic Masoor Dal,13000,10,6,11600,500,False,500,23200.0,69600,1400
Cooking Essentials,Popular Essentials Classic Sona Masuri Rice,43000,10,6,38700,5000,False,5,7740.0,232200,4300
Cooking Essentials,Popular Essentials Salted Murmure ,7000,18,6,5700,400,False,400,14250.0,34200,1300
Cooking Essentials,Oleev Active Oil (Pouch),26500,9,6,23900,1000,False,1,23900.0,143400,2600
Cooking Essentials,Delight Nuts Dried Blueberries ,54000,20,6,43200,150,False,150,288000.0,259200,10800
Cooking Essentials,Popular Essentials Double Beans White,6000,10,6,5400,250,False,250,21600.0,32400,600
Cooking Essentials,Delight Nuts Almond Natural ,34900,20,6,27900,200,False,200,139500.0,167400,7000
Cooking Essentials,Praakritik Organic Jaggery,16000,6,6,15000,900,False,900,16666.666666666668,90000,1000
Cooking Essentials,Praakritik Organic Raw Sugar,9000,6,6,8400,500,False,500,16800.0,50400,600
Cooking Essentials,MTR Masala - Sambar Powder,11500,0,4,11500,200,False,200,57500.0,46000,0
Cooking Essentials,RRO Til Dil Premium Til Oil Bottle,17300,6,6,16200,500,False,500,32400.0,97200,1100
Cooking Essentials,ITC Master Chef Vegetable Biryani Cooking Paste,7500,30,5,5200,80,False,80,65000.0,26000,2300
Cooking Essentials,Jivana Jaggery,10000,0,2,10000,950,False,950,10526.315789473685,20000,0
Cooking Essentials,Praakritik Organic Besan,17000,6,6,15900,500,False,500,31800.0,95400,1100
Cooking Essentials,MTR Instant Gulab Jamun Mix,19500,9,6,17600,500,False,500,35200.0,105600,1900
Cooking Essentials,Maggi Magic Cubes Extra Chicken,19900,0,2,19900,240,False,240,82916.66666666667,39800,0
Cooking Essentials,On1y Mixed Herbs,9900,0,6,9900,14,False,14,707142.8571428572,59400,0
Cooking Essentials,Popular Essentials Urad Gola Black (Un-Polished),8000,10,6,7200,500,False,500,14400.0,43200,800
Cooking Essentials,Gits Dessert Mix China Grass Bombay Halwa,5500,0,4,5500,80,False,80,68750.0,22000,0
Cooking Essentials,Praakritik Organic Basmati Rice,17000,0,5,17000,500,False,500,34000.0,85000,0
Cooking Essentials,Ceres Foods Nalli Nihari Instant Liquid Masala,22000,50,6,11000,200,False,200,55000.0,66000,11000
Cooking Essentials,Borges Canola Oil Pet Bottle,39900,0,6,39900,1000,False,1,39900.0,239400,0
Cooking Essentials,Suhana Biryani Masala,6600,0,6,6600,50,False,50,132000.0,39600,0
Cooking Essentials,On1y Black Salt Grinder,9900,0,6,9900,100,False,100,99000.0,59400,0
Cooking Essentials,Popular Essentials Nylon Til,4000,2,6,3900,100,False,100,39000.0,23400,100
Cooking Essentials,Pillsbury Rich Choco Oven Cake Mix - Egg Free,17000,6,6,15900,270,False,270,58888.88888888888,95400,1100
Cooking Essentials,Weikfield Tomato Salsa Instant Pasta,2500,0,1,2500,77,False,77,32467.532467532466,2500,0
Cooking Essentials,Praakritik Organic Jowar Atta,11000,6,6,10300,500,False,500,20600.0,61800,700
Cooking Essentials,Sugarfree Gold Low Calorie Sweetner ,27000,7,6,25100,50,False,50,502000.0,150600,1900
Cooking Essentials,Epicurea Thai Jasmine Rice,29500,0,4,29500,500,False,500,59000.0,118000,0
Cooking Essentials,Yummiez Chicken Garlic Fingers Pouch,25000,0,5,25000,400,False,400,62500.0,125000,0
Cooking Essentials,RRO Primio Refined Groundnut (Jar),49000,11,6,43600,2000,False,2,21800.0,261600,5400
Cooking Essentials,Praakritik Organic Tuvar Dal,14000,0,6,14000,500,False,500,28000.0,84000,0
Cooking Essentials,Sugarfree Gold Low Calorie Sweetner,18500,5,3,17500,300,False,300,58333.333333333336,52500,1000
Cooking Essentials,Cantina Beans Mexican Beans,25000,14,6,21300,410,False,410,51951.21951219512,127800,3700
Cooking Essentials,Pillsbury Oven Cake Mix - Vanilla,17500,10,6,15600,225,False,225,69333.33333333333,93600,1900
Cooking Essentials,Hershey's Chocolate Milk Booster,20000,0,6,20000,450,False,450,44444.444444444445,120000,0
Cooking Essentials,Popular Essentials Byadagi Chilli Stemless,8000,0,6,8000,100,False,100,80000.0,48000,0
Cooking Essentials,Suhana Spice Mix - Chicken Biryani,6600,0,6,6600,50,False,50,132000.0,39600,0
Cooking Essentials,Praakritik Organic Yellow Moon Dal,13500,0,6,13500,500,False,500,27000.0,81000,0
Cooking Essentials,Maggi Magic Cubes Extra Chicken,19900,10,6,17900,240,False,240,74583.33333333333,107400,2000
Cooking Essentials,Dhara Filtered Groundnut Oil (Jar),105000,0,2,105000,5000,False,5,21000.0,210000,0
Cooking Essentials,24 Mantra Sona Masuri Brown Rice,47500,10,6,42300,5000,False,5,8460.0,253800,5200
Cooking Essentials,24 Mantra Organic Pancharatna Dal - Split,13000,7,6,12000,500,False,500,24000.0,72000,1000
Cooking Essentials,24 Mantra Organic Cumin Powder,7000,0,6,7000,100,False,100,70000.0,42000,0
Cooking Essentials,Popular Essentials Samba Broken Wheat,10000,11,6,8900,500,False,500,17800.0,53400,1100
Cooking Essentials,Betty Crocker Chocolate Fudge Cake Mix,29500,0,6,29500,475,False,475,62105.26315789474,177000,0
Cooking Essentials,Borges Extra Light Olive Oil Bottle ,260000,46,6,139900,2000,False,2,69950.0,839400,120100
Cooking Essentials,Flying Bird Premium Orange Artificial Food Essence,6000,0,6,6000,20,False,20,300000.0,36000,0
Cooking Essentials,Popular Essentials Red Cherry/Gundu Chilli,9500,0,6,9500,100,False,100,95000.0,57000,0
Cooking Essentials,Super Saver Kolam Rice Sortex Clean ,70000,10,3,63000,5000,False,5,12600.0,189000,7000
Cooking Essentials,Flying Bird Food Essence - Kewra,5000,0,6,5000,20,False,20,250000.0,30000,0
Cooking Essentials,MTR Vada Breakfast,20000,0,1,20000,500,False,500,40000.0,20000,0
Cooking Essentials,On1y Pasta Seasoning,9900,0,6,9900,30,False,30,330000.0,59400,0
Cooking Essentials,Praakritik Organic Indrayani Rice,7000,0,6,7000,500,False,500,14000.0,42000,0
Cooking Essentials,On1y Pizza Seasoning,9900,0,6,9900,28,False,28,353571.4285714286,59400,0
Cooking Essentials,Kitchens of India Mutter Paneer Mix,12000,30,4,8400,285,False,285,29473.684210526317,33600,3600
Cooking Essentials,Aashirvaad Svasti Cow Ghee Tetra Pack,29500,0,6,29500,500,False,500,59000.0,177000,0
Cooking Essentials,Weikfield Cooker Cake Mix - Vanilla,9500,0,6,9500,150,False,150,63333.333333333336,57000,0
Cooking Essentials,Praakritik Organic Kapli Wheat Atta,16500,10,6,14700,1000,False,1,14700.0,88200,1800
Cooking Essentials,Epicurea Sushi Rice,29500,0,6,29500,500,False,500,59000.0,177000,0
Cooking Essentials,Sugarfree Natural Green Stevia Leaves Zero Calorie,7500,0,2,7500,100,False,100,75000.0,15000,0
Cooking Essentials,Smith & Jones Italian Spices Masala Mix,9900,0,6,9900,75,False,75,132000.0,59400,0
Cooking Essentials,Satyam Nighties Spices  Chilli Bore,8900,10,6,8000,100,False,100,80000.0,48000,900
Cooking Essentials,Weikfield Veg Jelly Crystals - Orange,4500,2,6,4400,90,False,90,48888.88888888888,26400,100
Cooking Essentials,Praakritik Organic Jumbo Rolled Oats,19000,11,6,16900,500,False,500,33800.0,101400,2100
Cooking Essentials,On1y Sea Salt Grinder,8900,0,6,8900,100,False,100,89000.0,53400,0
Cooking Essentials,Delight Nuts Berries Mix ,39900,20,6,31900,200,False,200,159500.0,191400,8000
Cooking Essentials,Everest Kesari Milk Masala,20500,0,6,20500,50,False,20,410000.0,123000,0
Cooking Essentials,Praakritik Organic Ginger Powder,13900,10,6,12500,100,False,100,125000.0,75000,1400
Cooking Essentials,Suhana Mutton Gravy Mix,4500,0,4,4500,80,False,80,56250.0,18000,0
Cooking Essentials,On1y Salad Seasoning Grinder,13900,0,6,13900,45,False,45,308888.88888888893,83400,0
Cooking Essentials,Figaro Pure Olive Oil,32500,8,1,29900,200,False,200,149500.0,29900,2600
Cooking Essentials,Madhur Sugar,6000,6,0,5600,1000,True,1,5600.0,0,400
Cooking Essentials,Amul Fresh Cream,6300,0,0,6300,250,True,250,25200.0,0,0
Cooking Essentials,Madhur Pure And Hygienic Sugar,29500,9,0,26600,5000,True,5,5320.0,0,2900
Cooking Essentials,Satyam Poha Jada,3500,8,0,3200,500,True,500,6400.0,0,300
Cooking Essentials,Aashirvaad Superior MP Whole Wheat Atta,5300,1,0,5200,1000,True,1,5200.0,0,100
Cooking Essentials,Fortune Soyabean Oil,21000,13,0,18100,1000,True,1,18100.0,0,2900
Cooking Essentials,Maggi Masala Ae Magic,5800,6,0,5400,72,True,72,75000.0,0,400
Cooking Essentials,Aashirvaad Iodised Salt ,2200,13,0,1900,1000,True,1,1900.0,0,300
Cooking Essentials,Maggi 2-Minute Instant Noodles - Masala,4400,0,0,4400,280,True,280,15714.285714285714,0,0
Cooking Essentials,Popular Essentials Phool Makhana (Jumbo Size),15000,14,0,12800,100,True,100,128000.0,0,2200
Cooking Essentials,Aashirvaad Atta With Mutigrains,31500,8,0,28700,5000,True,5,5740.0,0,2800
Cooking Essentials,Tata Sampann Poha,4400,6,0,4100,500,True,500,8200.0,0,300
Cooking Essentials,Fortune Besan Flour,12000,0,0,12000,1000,True,1,12000.0,0,0
Cooking Essentials,Popular Essentials Toor Dal (Un-Polished),8000,7,0,7400,500,True,500,14800.0,0,600
Cooking Essentials,Everest Tikhalal Hot & Red Chilly Powder,4700,2,0,4600,100,True,100,46000.0,0,100
Cooking Essentials,Popular Essentials Chia Seeds,5000,2,0,4900,100,True,100,49000.0,0,100
Cooking Essentials,Tata Sampann Unpolished Toor Dal/Arhar Dal,17900,1,0,17700,1000,True,200,17700.0,0,200
Cooking Essentials,Everest Coriander Powder,3200,3,0,3100,100,True,100,31000.0,0,100
Cooking Essentials,Satyam Thin Poha Patla,3800,7,0,3500,500,True,500,7000.0,0,300
Cooking Essentials,Popular Essentials Sona Masouri Raw Rice,7500,0,0,7500,1000,True,1,7500.0,0,0
Cooking Essentials,Tata Sampann High Protien Chana Dal - Split,6400,0,0,6400,500,True,500,12800.0,0,0
Cooking Essentials,Satyam Singdana ,11900,6,0,11100,500,True,500,22200.0,0,800
Cooking Essentials,Tata Sampann Moong Chilka ,8800,6,0,8200,500,True,500,16400.0,0,600
Cooking Essentials,Tata Sampann High Protien Toor Dal - Split,9100,2,0,8900,500,True,500,17800.0,0,200
Cooking Essentials,Ching's Chow Mein Hakka Noodles Masala,1000,0,0,1000,20,True,20,50000.0,0,0
Cooking Essentials,Everest Chat Masala,6500,9,0,5900,100,True,100,59000.0,0,600
Cooking Essentials,Popular Essentials Black Brown Chana (Un-Polished),5500,9,0,5000,500,True,500,10000.0,0,500
Cooking Essentials,Dabur Ginger Garlic Paste,5000,6,0,4700,200,True,200,23500.0,0,300
Cooking Essentials,Ching's Secret Veg Hakka Noodles,10700,0,0,10700,600,True,600,17833.333333333332,0,0
Cooking Essentials,Saffola Oats 100 % Natural,1500,0,0,1500,38,True,38,39473.68421052631,0,0
Cooking Essentials,Everest Kashmiri Lal Chilli Powder,31000,10,0,27900,500,True,500,55800.0,0,3100
Cooking Essentials,Popular Essentials Black Raisins Seedless,6000,10,0,5400,100,True,100,54000.0,0,600
Cooking Essentials,Daawat Rozana Super Basmati Rice,7900,0,0,7900,1000,True,1,7900.0,0,0
Cooking Essentials,Everest Cumin Powder (Jeera),3000,3,0,2900,50,True,50,58000.0,0,100
Cooking Essentials,Everest Sambhar Masala,3400,2,0,3300,50,True,50,66000.0,0,100
Cooking Essentials,Maggi Chilly Chow Cuppa Noodles,5000,0,0,5000,70,True,70,71428.57142857143,0,0
Cooking Essentials,Popular Essentials Mustard Seeds Rai Big,2000,0,0,2000,100,True,100,20000.0,0,0
Cooking Essentials,Patanjali Cow's Ghee,56500,0,0,56500,1000,True,1,56500.0,0,0
Cooking Essentials,Everest Amchur Powder,4200,2,0,4100,50,True,50,82000.0,0,100
Cooking Essentials,Daawat Super Basmati Rice,18500,8,0,16900,1000,True,1,16900.0,0,1600
Cooking Essentials,Popular Essentials Sabudana,6000,10,0,5400,500,True,500,10800.0,0,600
Cooking Essentials,Popular Essentials Brown Sugar,4000,0,0,4000,500,True,500,8000.0,0,0
Cooking Essentials,Everest Coriander Powder,7000,10,0,6300,200,True,200,31500.0,0,700
Cooking Essentials,Sunfeast Yippee! Magic Masala Noodles,4800,6,0,4500,240,True,240,18750.0,0,300
Cooking Essentials,Tata Tea Gold,3500,0,0,3500,100,True,200,35000.0,0,0
Cooking Essentials,Daawat Rozana Gold Basmati Rice,9000,1,0,8900,1000,True,1,8900.0,0,100
Cooking Essentials,Top Ramen Masala,9100,9,0,8200,560,True,560,14642.857142857143,0,900
Cooking Essentials,Everest Turmeric Powder,6700,10,0,6000,200,True,200,30000.0,0,700
Cooking Essentials,Popular Essentials Buckwheat Flour (Kuttu Atta),12500,9,0,11300,500,True,500,22600.0,0,1200
Cooking Essentials,Keya Italian Pizza Oregano,10900,11,0,9700,80,True,80,121250.0,0,1200
Cooking Essentials,Chef's Basket Durum Wheat Penne Pasta,16000,50,0,8000,500,True,500,16000.0,0,8000
Cooking Essentials,Tata Sampann Kala Chana,12500,0,0,12500,1000,True,1,12500.0,0,0
Cooking Essentials,India Gate Basmati Rice,21000,0,0,21000,1000,True,1,21000.0,0,0
Cooking Essentials,24 Mantra Organic Whole Wheat Atta,6400,7,0,5900,1000,True,1,5900.0,0,500
Cooking Essentials,Zorabian Chicken Kheema Parathas,19000,0,0,19000,300,True,300,63333.333333333336,0,0
Cooking Essentials,Sunfeast Pasta Treat Pack of Tomato Cheese,2800,17,0,2300,65,True,65,35384.61538461539,0,500
Cooking Essentials,Sugarlite 50% Less Calories Sugar Pouch,9900,40,0,5900,500,True,500,11800.0,0,4000
Cooking Essentials,Popular Essentials Sabja/Basil Seeds,6000,15,0,5100,100,True,100,51000.0,0,900
Cooking Essentials,Patanjali Pure Honey,9500,0,0,9500,250,True,250,38000.0,0,0
Cooking Essentials,Weikfield Falooda Mix - Mango,4900,2,0,4800,200,True,200,24000.0,0,100
Cooking Essentials,Pro Nature Organic Sonamasoori Brown Rice,10200,7,0,9400,1000,True,1,9400.0,0,800
Cooking Essentials,Maggi Special Masala Spicy Yummy Noodles,7200,0,0,7200,280,True,280,25714.285714285714,0,0
Cooking Essentials,Godrej Yummiez Chicken Breakfast Salami,15000,4,0,14300,250,True,250,57200.0,0,700
Cooking Essentials,Everest Saffron Kesar,12000,0,0,12000,1,True,0,12000000.0,0,0
Munchies,Maggi 2 Minute Masala Noodles,1200,0,6,1200,70,False,70,17142.85714285714,7200,0
Munchies,iD Idli & Dosa Batter ,8000,15,6,6800,1000,False,1,6800.0,40800,1200
Munchies,Tata Salt,2400,0,6,2400,1000,False,1,2400.0,14400,0
Munchies,Arden Eggs White,9700,0,4,9700,696,False,12,13936.781609195401,38800,0
Munchies,Arden Eggs White,6500,15,4,5500,348,False,6,15804.597701149425,22000,1000
Munchies,Fortune Sunlite Refined Sunflower (Pouch),23000,4,6,21900,1000,False,1,21900.0,131400,1100
Munchies,Aashirvaad Superior MP Atta,25000,2,6,24500,5000,False,5,4900.0,147000,500
Munchies,Amul Pure Ghee (Pouch),25500,2,6,24900,500,False,500,49800.0,149400,600
Munchies,Arden Eggs Brown,8500,7,4,7900,348,False,6,22701.149425287356,31600,600
Munchies,Tata Salt Lite,4000,10,6,3600,1000,False,1,3600.0,21600,400
Munchies,Saffola Gold Oil (Pouch),21500,0,6,21500,1000,False,1,21500.0,129000,0
Munchies,Fortune Sunlite Refined Sunflower (Jar),92500,0,6,92500,5000,False,5,18500.0,555000,0
Munchies,Fortune Rice Bran (Pouch),22500,11,6,19900,1000,False,1,19900.0,119400,2600
Munchies,Saffola Active Oil,21000,0,6,21000,1000,False,1,21000.0,126000,0
Munchies,Amul Pure Ghee (Pouch),50500,1,2,49900,1000,False,1,49900.0,99800,600
Munchies,Aashirvaad Atta,46000,13,6,39900,10000,False,10,3990.0,239400,6100
Munchies,Popular Essentials Toor Dal (Un-Polished),16000,6,4,14900,1000,False,1,14900.0,59600,1100
Munchies,Amul Ghee (Tin),52000,2,6,50900,1000,False,1,50900.0,305400,1100
Munchies,Amul Fresh Cream,19700,3,3,19100,1000,False,1,19100.0,57300,600
Munchies,Popular Essentials Pure Jaggery,5000,2,6,4900,450,False,450,10888.888888888889,29400,100
Munchies,Aashirvaad Multigrain Atta,6400,3,2,6200,1000,False,1,6200.0,12400,200
Munchies,Fortune Soyabean Oil,100500,0,6,99900,5000,False,5,19980.0,599400,600
Munchies,Popular Essentials Sunflower Seeds,2500,0,6,2500,50,False,50,50000.0,15000,0
Munchies,Tata Sampann kabuli chana,18500,1,4,18300,1000,False,500,18300.0,73200,200
Munchies,Dhara Groundnut Oil (Pouch),23000,11,6,20300,1000,False,1,20300.0,121800,2700
Munchies,Dhara Health Refined Sun Flower Oil Jar,120000,18,6,98400,5000,False,5,19680.0,590400,21600
Munchies,24 Mantra Organic Jaggery Powder,8000,15,6,6800,500,False,500,13600.0,40800,1200
Munchies,Tata Sampann High Protien Kabuli Chana,9400,0,1,9400,500,False,500,18800.0,9400,0
Munchies,Dhara Kachi Ghani Mustard Oil Jar,125000,8,6,114300,5000,False,5,22860.0,685800,10700
Munchies,D'lecta Dairy Cream,5400,5,6,5100,200,False,200,25500.0,30600,300
Munchies,Ching's Secret Instant Hot Garlic Noodles,1500,0,3,1500,60,False,60,25000.0,4500,0
Munchies,Dabur Ginger Garlic Paste,2500,8,3,2300,100,False,100,23000.0,6900,200
Munchies,Ching's Secret Instant Schezwan Noodles,1500,0,6,1500,60,False,60,25000.0,9000,0
Munchies,Gowardhan Ghee/Tuppa Jar,31500,1,6,30900,500,False,500,61800.0,185400,600
Munchies,Tata Sampann Unpolished Moong Dal ,9200,4,4,8800,500,False,500,17600.0,35200,400
Munchies,Aashirvaad Select Atta,6400,0,6,6400,1000,False,1,6400.0,38400,0
Munchies,Popular Essentials Misri Dana (Diamond Sugar) ,1500,0,4,1500,100,False,100,15000.0,6000,0
Munchies,Gowardhan Ghee Jar,59800,3,6,57900,1000,False,1,57900.0,347400,1900
Munchies,Top Ramen  Noodles Curry Veg Pouch,2000,0,1,2000,70,False,70,28571.428571428572,2000,0
Munchies,Popular Essentials Refined Sugar,6000,0,6,6000,1000,False,1,6000.0,36000,0
Munchies,Fortune Kachi Ghani Mustard Oil Bottle,21600,7,6,19900,1000,False,1,19900.0,119400,1700
Munchies,Saffola Veggie Twist Masala Oats,1500,0,6,1500,38,False,38,39473.68421052631,9000,0
Munchies,Satyam Puffed Rice Kurmura (R),2300,0,6,2300,200,False,200,11500.0,13800,0
Munchies,Quaker Oats,7900,0,2,7900,400,False,400,19750.0,15800,0
Munchies,Aashirvaad Select Sharbati Atta,31500,10,6,28300,5000,False,5,5660.0,169800,3200
Munchies,Popular Essentials Refined Sugar,29500,10,6,26500,5000,False,5,5300.0,159000,3000
Munchies,Gowardhan Cow Ghee Pouch,57900,10,6,52100,1000,False,1,52100.0,312600,5800
Munchies,Dhara Nourish Refined Sunflower Oil Pouch,21000,5,6,19900,1000,False,1,19900.0,119400,1100
Munchies,Parachute Oil ,4000,7,3,3700,100,False,100,37000.0,11100,300
Munchies,Popular Essentials Plain Puffed Rice (Murmura/Muri),1800,0,6,1800,100,False,100,18000.0,10800,0
Munchies,Amul Mithai Mate Condensed Sweetened Milk,5600,3,4,5400,200,False,200,27000.0,21600,200
Munchies,Saffola Gold (Jar),124000,0,6,124000,5000,False,5,24800.0,744000,0
Munchies,McCain New Mini Samosa with Cheese Pizza Style Filling,12000,1,3,11800,240,False,240,49166.666666666664,35400,200
Munchies,Fortune Rice Bran Health Oil (Jar),105000,1,6,103900,5000,False,5,20780.0,623400,1100
Munchies,Arden Desi Eggs,11000,13,4,9500,348,False,6,27298.850574712644,38000,1500
Munchies,Fortune Rozana Basmati Rice,58500,21,6,46200,5000,False,5,9240.0,277200,12300
Munchies,Fortune Biriyani Special Basmati Rice,17500,0,5,17500,1000,False,1,17500.0,87500,0
Munchies,Everest Garam Masala,7800,7,5,7200,100,False,100,72000.0,36000,600
Munchies,Popular Essentials Pumpkin Seeds,9000,16,6,7500,100,False,100,75000.0,45000,1500
Munchies,Fortune Soya Health Refined Soybean Oil,21000,1,2,20600,1000,False,1,20600.0,41200,400
Munchies,Gowardhan Pure Ghee Pouch,29500,4,6,28100,500,False,500,56200.0,168600,1400
Munchies,Popular Essentials Jeera/Cumin Seeds,4000,5,3,3800,100,False,100,38000.0,11400,200
Munchies,Weikfield Baking Soda,3000,3,6,2900,100,False,100,29000.0,17400,100
Munchies,Everest Pav Bhaji Masala,3700,10,4,3300,50,False,50,66000.0,13200,400
Munchies,Tata Sampann Unpolished Chana Dal,9500,6,2,8900,1000,False,500,8900.0,17800,600
Munchies,Amul Mithai Mate EOE Tin,11200,2,6,10900,400,False,400,27250.0,65400,300
Munchies,Pillsbury Chakki Fresh Atta,45000,16,6,37500,10000,False,10,3750.0,225000,7500
Munchies,Everest Chicken Masala,3900,2,1,3800,50,False,50,76000.0,3800,100
Munchies,Dhara Life Refined Ricebran Oil (Pouch),20500,7,6,19000,1000,False,1,19000.0,114000,1500
Munchies,Borges Extra Virgin Olive Oil,40000,25,1,29900,250,False,250,119600.0,29900,10100
Munchies,Everest Shahi Biryani Masala,7000,14,6,6000,50,False,50,120000.0,36000,1000
Munchies,Popular Essentials Californian Almond,35000,28,6,25100,250,False,250,100400.0,150600,9900
Munchies,Popular Essentials Ajwain Whole,2500,0,4,2500,50,False,50,50000.0,10000,0
Munchies,Everest Tikhalal Chilli Powder,23500,9,6,21200,500,False,500,42400.0,127200,2300
Munchies,Popular Essentials Kabuli Chana Regular,8500,9,6,7700,500,False,500,15400.0,46200,800
Munchies,Pillsbury Chakki Fresh Atta,5200,0,4,5200,1000,False,1,5200.0,20800,0
Munchies,Popular Essentials Saunf/Fennel Seeds,4500,2,6,4400,100,False,100,44000.0,26400,100
Munchies,Popular Essentials Bansi Sooji,3500,2,3,3400,500,False,500,6800.0,10200,100
Munchies,Happilo Premium International Queen Kalmi Dates,24500,29,6,17200,200,False,200,86000.0,103200,7300
Munchies,Tata Sampann Unpolished Urad Whole,10100,6,4,9400,500,False,500,18800.0,37600,700
Munchies,Popular Essentials Cashew Split,32500,12,6,28300,250,False,250,113200.0,169800,4200
Munchies,Popular Essentials Chana Dal (Un-Polished),6000,10,6,5400,500,False,500,10800.0,32400,600
Munchies,Tata Sampann Unpolished Rajma (Chitra),13400,6,6,12500,500,False,500,25000.0,75000,900
Munchies,Everest Garam Masala,4200,2,2,4100,50,False,50,82000.0,8200,100
Munchies,Everest Kitchen King Masala,7000,14,2,6000,100,False,100,60000.0,12000,1000
Munchies,24 Mantra Organic Cumin,7000,7,2,6500,100,False,100,65000.0,13000,500
Munchies,Nestle Milkmaid,13200,3,6,12800,400,False,400,32000.0,76800,400
Munchies,Popular Essentials Sona Masouri Steam Rice,6500,9,6,5900,1000,False,1,5900.0,35400,600
Munchies,24 Mantra Organic Tur Dal,26000,20,6,20800,1000,False,1,20800.0,124800,5200
Munchies,Gits Gulab Jamun Instant Dessert Mix,9900,10,6,8900,200,False,200,44500.0,53400,1000
Munchies,Popular Essentials Black Masoor Whole (Un-Polished),6500,10,3,5800,500,False,500,11600.0,17400,700
Munchies,24 Mantra Organic Peanuts,13500,7,1,12500,500,False,500,25000.0,12500,1000
Munchies,Everest Hingraj Powder,9000,10,2,8100,50,False,50,162000.0,16200,900
Munchies,Everest Black Pepper Powder,13500,14,6,11500,100,False,100,115000.0,69000,2000
Munchies,Tata Sampann Masoor Dal Stand,15000,10,4,13400,1000,False,1,13400.0,53600,1600
Munchies,24 Mantra Organic Besan,9500,7,5,8800,500,False,500,17600.0,44000,700
Munchies,Quaker Oats,19900,7,6,18400,1000,False,1,18400.0,110400,1500
Munchies,Saffola Gold Refined Cooking Oil (Jar),48500,7,6,44900,2000,False,2,22450.0,269400,3600
Munchies,Nestle Everyday Dairy Whitener,21000,0,4,21000,400,False,400,52500.0,84000,0
Munchies,24 Mantra Organic Red Poha,7500,8,1,6900,500,False,500,13800.0,6900,600
Munchies,Everest Powder - Tea Masala,9800,9,5,8900,100,False,100,89000.0,44500,900
Munchies,Tata Sampann Urad Dal Split,9400,4,6,9000,500,False,500,18000.0,54000,400
Munchies,Popular Essentials Idli Sooji ,3000,6,6,2800,500,False,500,5600.0,16800,200
Munchies,Popular Essentials Dessicated Coconut,9500,9,6,8600,200,False,200,43000.0,51600,900
Munchies,Sunfeast Yippee! Mood Masala Noodles,6000,28,3,4300,260,False,260,16538.46153846154,12900,1700
Munchies,Chef's Basket Durum Wheat Elbow Pasta,16000,50,6,8000,500,False,500,16000.0,48000,8000
Munchies,MTR Breakfast Khatta Meetha Poha Mix,2500,20,6,2000,60,False,60,33333.333333333336,12000,500
Munchies,Satyam Khobra,11300,10,5,10100,200,False,200,50500.0,50500,1200
Munchies,Betty Crocker Complete Pancake Mix Original,11000,4,6,10500,250,False,500,42000.0,63000,500
Munchies,Borges Durum Wheat Fusilli Pasta ,25000,0,3,25000,500,False,500,50000.0,75000,0
Munchies,24 Mantra Organic Green Moong Dal - Split,13500,0,2,13500,500,False,500,27000.0,27000,0
Munchies,Weikfield Vanilla Flavoured Custard Powder,3700,0,6,3700,100,False,100,37000.0,22200,0
Munchies,Tata Sampann Moong Dal Split,18000,1,5,17800,1000,False,200,17800.0,89000,200
Munchies,Tata Sampann Kala Chana,6400,0,5,6400,500,False,500,12800.0,32000,0
Munchies,Saffola Soya Chunks Mealmaker,5000,0,2,5000,200,False,200,25000.0,10000,0
Munchies,24 Mantra Bura Sugar (Demerara),8000,10,6,7200,500,False,500,14400.0,43200,800
Munchies,Popular Essentials Green Cardamom (Elaichi),20000,1,6,19800,50,False,50,396000.0,118800,200
Munchies,Hershey's Syrup Delicious Strawberry,9500,0,1,9500,200,False,200,47500.0,9500,0
Munchies,Popular Essentials Anjeer,19000,11,4,16900,100,False,100,169000.0,67600,2100
Munchies,Popular Essentials Mustard Seeds Rai Small,2000,0,2,2000,100,False,100,20000.0,4000,0
Munchies,Weikfield Baking Powder,3300,3,6,3200,100,False,100,32000.0,19200,100
Munchies,Dabur Honey Squeezy,18500,9,6,16700,225,False,225,74222.22222222223,100200,1800
Munchies,Tata Sampann High Protein Kali Urad,9100,14,6,7800,500,False,500,15600.0,46800,1300
Munchies,Everest Kitchen King Masala,3700,2,6,3600,50,False,50,72000.0,21600,100
Munchies,Chef's Basket Durum Wheat Fusilli Pasta,16000,50,6,8000,500,False,500,16000.0,48000,8000
Munchies,TilSona Til Oil,18000,10,2,16200,500,False,500,32400.0,32400,1800
Munchies,Top Ramen Chicken Noodles,6000,10,1,5400,280,False,280,19285.714285714286,5400,600
Munchies,Everest Chaat Masala,3500,2,1,3400,50,False,50,68000.0,3400,100
Munchies,Keya Wonder Red Hot Chilli Flakes,8900,10,2,8000,40,False,40,200000.0,16000,900
Munchies,Popular Essentials White Peas (Un-Polished),8000,10,5,7200,500,False,500,14400.0,36000,800
Munchies,Ching’s Secret Chowmein Hakka Noodles Masala ,4400,0,2,4400,60,False,60,73333.33333333333,8800,0
Munchies,Dhara Filtered Groundnut Oil (Jar),105000,1,6,103500,5000,False,5,20700.0,621000,1500
Munchies,Pillsbury Choco Chip Pancake Mix,9900,5,6,9400,165,False,165,56969.69696969697,56400,500
Munchies,Hershey's Caramel Syrup,23000,0,1,23000,623,False,623,36918.138041733546,23000,0
Munchies,Pillsbury Multi Grain Atta,6000,6,3,5600,1000,False,1,5600.0,16800,400
Munchies,McCain New Mini Samosa with Cheese Corn Style Filling,12000,1,2,11800,240,False,240,49166.666666666664,23600,200
Munchies,Satyam Puffed Rice Kurmura (A),4300,0,6,4300,200,False,200,21500.0,25800,0
Munchies,MTR 3 Min Poha,2500,0,6,2500,60,False,60,41666.666666666664,15000,0
Munchies,Ching's Manchurian Instant Noodles,1500,0,5,1500,60,False,60,25000.0,7500,0
Munchies,Everest Pav Bhaji Masala,7000,0,2,7000,100,False,100,70000.0,14000,0
Munchies,Hershey's Chocolate Flavour Syrup,22000,6,6,20500,623,False,680,32905.296950240765,123000,1500
Munchies,Popular Essentials Dhania (Coriander Seeds),5500,16,4,4600,200,False,200,23000.0,18400,900
Munchies,24 Mantra Red Chilly Whole,7000,7,1,6500,100,False,100,65000.0,6500,500
Munchies,Dabur Honey - World's No.1,12000,0,6,12000,250,False,250,48000.0,72000,0
Munchies,24 Mantra Organic Puffed Rice,4000,2,6,3900,200,False,200,19500.0,23400,100
Munchies,24 Mantra Organic Wheat Daliya ,4800,2,2,4700,500,False,500,9400.0,9400,100
Munchies,24 Mantra Organic Ragi Flour,6500,20,4,5200,500,False,500,10400.0,20800,1300
Munchies,Popular Essentials Cinnamon Whole (Dalchini),3500,5,6,3300,25,False,25,132000.0,19800,200
Munchies,Sundrop Super Lite Advanced - Sunflower Oil,21500,0,4,21500,1000,False,1,21500.0,86000,0
Munchies,Pillsbury Atta/Godihittu - Chakki Fresh,10200,7,4,9400,2000,False,2,4700.0,37600,800
Munchies,Popular Essentials Green Moong Chilka/Chilka (Un-Polished),8500,7,5,7900,500,False,500,15800.0,39500,600
Munchies,Popular Essentials HMT Kolam Steam,7500,0,3,7500,1000,False,1,7500.0,22500,0
Munchies,Popular Essentials Black Urad Split,8000,10,4,7200,500,False,500,14400.0,28800,800
Munchies,Keya Oregano,10900,10,5,9800,9,False,9,1088888.888888889,49000,1100
Munchies,Popular Essentials Pink Rajma,10000,10,6,9000,500,False,500,18000.0,54000,1000
Munchies,Everest Chicken Masala,7400,2,6,7200,100,False,100,72000.0,43200,200
Munchies,Popular Essentials HMT Kolam Steam,37000,10,6,33300,5000,False,5,6660.0,199800,3700
Munchies,Everest Shahi Paneer Masala,4200,4,5,4000,50,False,50,80000.0,20000,200
Munchies,Godrej Yummiez Chicken Nuggets,32500,9,1,29300,500,False,500,58600.0,29300,3200
Munchies,Flying Bird Vanilla Essence,3500,2,6,3400,20,False,20,170000.0,20400,100
Munchies,Everest Sabji Masala,3000,3,6,2900,50,False,50,58000.0,17400,100
Munchies,Popular Essentials Californian Almond,69500,32,6,47000,500,False,500,94000.0,282000,22500
Munchies,Cornitos Cornitos Taco Shells - 4 Inches,11000,20,6,8800,80,False,80,110000.0,52800,2200
Munchies,Everest Rajma Masala,3300,3,5,3200,50,False,50,64000.0,16000,100
Munchies,Popular Essentials White Til,4000,5,1,3800,100,False,100,38000.0,3800,200
Munchies,Amul Dark Compound Chocolate Slab,12500,2,6,12200,500,False,500,24400.0,73200,300
Munchies,Mothers Recipe Papad Chana Masala,7900,10,6,7100,200,False,200,35500.0,42600,800
Munchies,Ching's Schezwan Masala Instant Noodles,6000,0,1,6000,240,False,240,25000.0,6000,0
Munchies,Amul Milk Compound Chocolate Slab,11000,2,6,10700,500,False,500,21400.0,64200,300
Munchies,Eastern Chicken Masala,7000,7,3,6500,100,False,100,65000.0,19500,500
Munchies,Popular Essentials Methi Seeds,2500,0,5,2500,100,False,100,25000.0,12500,0
Munchies,Saffola Yummy Masala Noodles ,2000,0,2,2000,46,False,46,43478.260869565216,4000,0
Munchies,Cadbury Hot Chocolate,17500,5,6,16600,200,False,200,83000.0,99600,900
Munchies,Ching's Chicken Chilli Masala,1000,0,6,1000,20,False,20,50000.0,6000,0
Munchies,Dabur Keora water - Authentic flavour for Biryani's and Desserts,6200,6,6,5800,250,False,250,23200.0,34800,400
Munchies,Popular Essentials Black Cardamom/Elaichi ,10000,10,6,9000,50,False,50,180000.0,54000,1000
Munchies,Popular Essentials Idli Rice,6000,10,4,5400,1000,False,1,5400.0,21600,600
Munchies,Everest Chole Masala,3300,3,1,3200,50,False,50,64000.0,3200,100
Munchies,Dabur Hommade Tamarind Paste,4800,6,6,4500,200,False,200,22500.0,27000,300
Munchies,"""Maggi Magic Cubes, Vegetarian Masala (Free 2 Cubes Inside)""",3500,2,6,3400,48,False,48,70833.33333333333,20400,100
Munchies,Popular Essentials Cooking Soda,3000,10,6,2700,200,False,200,13500.0,16200,300
Munchies,RRO Primio Refined Groundnut Oil Pet Bottle,25500,6,2,23900,1000,False,1,23900.0,47800,1600
Munchies,Everest Pani Puri Masala,3100,3,6,3000,50,False,50,60000.0,18000,100
Munchies,Nissin Cup Noodles Tangy Tomato,5000,10,2,4500,70,False,70,64285.71428571429,9000,500
Munchies,Ching's Veg Manchurian Masala,1000,0,2,1000,20,False,20,50000.0,2000,0
Munchies,Ceres Foods Fish Mustard Instant Liquid Masala,22000,50,6,11000,200,False,200,55000.0,66000,11000
Munchies,Everest Garam Masala,15800,10,6,14200,200,False,200,71000.0,85200,1600
Munchies,24 Mantra Organic Jowar Flour,7000,7,6,6500,500,False,500,13000.0,39000,500
Munchies,Maggi Coconut Milkpowder,10000,0,6,10000,100,False,100,100000.0,60000,0
Munchies,On1y Pepper Grinder,15900,9,1,14400,50,False,50,288000.0,14400,1500
Munchies,Popular Essentials Rice Flour,6000,0,3,6000,1000,False,1,6000.0,18000,0
Munchies,Sunfeast Yippee! Pasta Treat - Sour Cream Onion,2800,10,1,2500,65,False,65,38461.53846153846,2500,300
Munchies,24 Mantra Organic Brown Sona Masoori Rice,9500,0,6,9500,1000,False,1,9500.0,57000,0
Munchies,Happilo Premium Afghani Anjeer,36500,29,2,25600,200,False,200,128000.0,51200,10900
Munchies,Popular Essentials Chiroti Sooji,3500,2,6,3400,500,False,500,6800.0,20400,100
Munchies,RRO Til Dil Premium Til Oil Bottle,33000,10,5,29400,1000,False,1,29400.0,147000,3600
Munchies,Popular Essentials Red Rajma,9000,10,6,8100,500,False,500,16200.0,48600,900
Munchies,Cornitos Peanut - Premium Salted ,12000,10,6,10800,150,False,150,72000.0,64800,1200
Munchies,Popular Essentials Black Pepper,10000,10,5,9000,100,False,100,90000.0,45000,1000
Munchies,24 Mantra Organic Tur Dal - Split,13000,7,6,12000,500,False,500,24000.0,72000,1000
Munchies,Sugarfree Gold Low Calorie Sweetner,6500,6,3,6100,110,False,100,55454.545454545456,18300,400
Munchies,Ching's Secret Paneer Chilli Masala,1000,0,2,1000,20,False,20,50000.0,2000,0
Munchies,Dabur Honey ,22000,7,3,20400,500,False,500,40800.0,61200,1600
Munchies,Sunfeast Yippee! Pasta Treat - Sour Cream Onion,2800,17,3,2300,65,False,65,35384.61538461539,6900,500
Munchies,Everest Tea Masala,5500,9,2,5000,50,False,50,100000.0,10000,500
Munchies,Ching's Paneer Chilli Masala,4400,0,4,4400,60,False,60,73333.33333333333,17600,0
Munchies,Sunfeast YiPPee! Magic Masala Noodles,7000,10,3,6300,405,False,405,15555.555555555555,18900,700
Munchies,Everest Meat Masala Powder,7400,9,3,6700,100,False,100,67000.0,20100,700
Munchies,Pillsbury Atta With Multigrains Wheat Grains,29500,16,6,24500,5000,False,5,4900.0,147000,5000
Munchies,Mother's Recipe Tamarind Paste,5000,2,6,4900,200,False,200,24500.0,29400,100
Munchies,Quaker Oats Breakfast Cereals - With Flavour Mix Nutritious Rich Source Of Energy,4900,8,6,4500,200,False,200,22500.0,27000,400
Munchies,Popular Essentials Cloves (Lavang),7500,17,6,6200,50,False,50,124000.0,37200,1300
Munchies,Sunfeast Yippee! Power Up Atta Noodles,9600,15,6,8100,280,False,280,28928.571428571428,48600,1500
Munchies,Suhana Paneer Tikka Masala Mix,4000,5,6,3800,50,False,50,76000.0,22800,200
Munchies,24 Mantra Turmeric Powder,3500,2,6,3400,100,False,100,34000.0,20400,100
Munchies,24 Mantra Super Grain Quinoa,19000,0,4,19000,500,False,500,38000.0,76000,0
Munchies,Everest Powder - Egg Curry Masala,4000,2,6,3900,50,False,50,78000.0,23400,100
Munchies,Popular Essentials Pe Shah Jeera ,6000,15,6,5100,50,False,50,102000.0,30600,900
Munchies,24 Mantra Organic Sattu Atta,9500,0,6,9500,500,False,500,19000.0,57000,0
Munchies,Smith & Jones Pasta Masala,4600,0,6,4600,54,False,54,85185.1851851852,27600,0
Munchies,Weikfield Vanilla Custard Powder,14200,9,3,12800,500,False,500,25600.0,38400,1400
Munchies,Sugarfree Natura Low Calorie Sweetner ,30000,10,3,27000,42,False,42,642857.1428571428,81000,3000
Munchies,Pillsbury Vanilla Custard Powder,3700,2,6,3600,100,False,100,36000.0,21600,100
Munchies,24 Mantra Organic Rajma,14500,0,6,14500,500,False,500,29000.0,87000,0
Munchies,Popular Essentials Broken Wheat/Daliya,3500,2,6,3400,500,False,500,6800.0,20400,100
Munchies,Zorabian Chicken Smoked Ham,20500,5,1,19400,250,False,250,77600.0,19400,1100
Munchies,Smith & Jones Peri Peri Masala,9900,0,6,9900,75,False,75,132000.0,59400,0
Munchies,Saffola Veggie Twist Masala Oats,19500,12,2,17100,500,False,500,34200.0,34200,2400
Munchies,Popular Essentials Urad Dal Split (Un-Polished),8500,9,5,7700,500,False,500,15400.0,38500,800
Munchies,Weikfield Baking Powder,2200,0,6,2200,50,False,50,44000.0,13200,0
Munchies,Popular Essentials Bajra Whole,6500,13,6,5600,1000,False,1,5600.0,33600,900
Munchies,Weikfield Veg Jelly Crystals - Strawberry,4500,2,6,4400,90,False,90,48888.88888888888,26400,100
Munchies,Weikfield Veg Jelly Crystals - Raspberry,4500,2,6,4400,90,False,90,48888.88888888888,26400,100
Munchies,Popular Essentials Masoor Dal Split (Un-Polished),7000,10,4,6300,500,False,500,12600.0,25200,700
Munchies,Popular Essentials Ajwain Whole,5000,12,2,4400,100,False,100,44000.0,8800,600
Munchies,Popular Essentials Pista Salted (With Shell),47000,21,5,37100,250,False,250,148400.0,185500,9900
Munchies,The Bake Shop Bread Crumbs,5000,6,3,4700,400,False,400,11750.0,14100,300
Munchies,Popular Essentials Horse Gram,4000,10,4,3600,500,False,500,7200.0,14400,400
Munchies,Hershey's Chocolate Syrup,9500,0,4,9500,200,False,200,47500.0,38000,0
Munchies,Godrej Yummiez Chilli Chicken Sausages ,16000,10,3,14400,250,False,250,57600.0,43200,1600
Munchies,Everest Kasuri Methi,2500,0,6,2500,25,False,25,100000.0,15000,0
Munchies,Satyam Makhana,20800,0,6,20800,100,False,100,208000.0,124800,0
Munchies,Everest Tandoori Chicken Masala,3900,2,5,3800,50,False,50,76000.0,19000,100
Munchies,Weikfield Falooda Mix - Kesar Pista,4900,2,3,4800,200,False,200,24000.0,14400,100
Munchies,Weikfield Cocoa Powder,7000,7,6,6500,50,False,50,130000.0,39000,500
Munchies,Pantai Coconut Cream,15000,4,4,14300,400,False,400,35750.0,57200,700
Munchies,Popular Essentials Coriander Seeds,1500,0,5,1500,50,False,50,30000.0,7500,0
Munchies,Ching's Singapore Curry Instant Noodles,6000,0,4,6000,240,False,240,25000.0,24000,0
Munchies,Eastern Fish Masala,4800,2,5,4700,100,False,100,47000.0,23500,100
Munchies,Pillsbury Atta/Godihittu - Chakki Fresh,27500,0,6,27500,5000,False,5,5500.0,165000,0
Munchies,"Oleev Smart Oil Fortified with VIT A, D, E & K (Pouch)",21500,9,4,19400,1000,False,1,19400.0,77600,2100
Munchies,Everest Dry Ginger Powder,7500,9,4,6800,100,False,100,68000.0,27200,700
Munchies,Pillsbury Cooker Cake Mix - Choco,10000,11,6,8900,159,False,159,55974.842767295595,53400,1100
Munchies,Hersheys Chocolate Almond Syrup,20000,0,2,20000,450,False,450,44444.444444444445,40000,0
Munchies,Satyam Nighties Spices  Chilli Pandi,5600,7,5,5200,100,False,100,52000.0,26000,400
Munchies,Popular Essentials Popular Essential Pista Salted (With Shell),19000,10,6,17100,100,False,100,171000.0,102600,1900
Munchies,Godrej Yummiez Chicken Punjabi Tikka ,29500,9,6,26600,360,False,360,73888.88888888889,159600,2900
Munchies,Popular Essentials Rozana Sona Masuri Raw Rice,35000,10,5,31200,5000,False,5,6240.0,156000,3800
Munchies,24 Mantra Mustard Oil (Cold Pressed) ,35000,10,6,31200,1000,False,1,31200.0,187200,3800
Munchies,24 Mantra Organic Black Pepper,17000,7,6,15700,100,False,100,157000.0,94200,1300
Munchies,Popular Essentials Green Moong Whole,9000,16,3,7500,500,False,500,15000.0,22500,1500
Munchies,24 Mantra Organic Masoor Dal - Split,9500,7,6,8800,500,False,500,17600.0,52800,700
Munchies,Praakritik Organic Natural Rock Salt,6000,6,3,5600,500,False,500,11200.0,16800,400
Munchies,24 Mantra Sunflower Oil (Cold Pressed) Pet Bottle,39000,11,5,34700,1000,False,1,34700.0,173500,4300
Munchies,"Ching's Secret Instant Noodles, Hot Garlic",6000,0,4,6000,240,False,240,25000.0,24000,0
Munchies,Saffola Everyday Peppy Tomato Masala Oats,19500,12,6,17100,500,False,500,34200.0,102600,2400
Munchies,Dabur 100% Pure Honey - Worlds No.1,43000,10,6,38700,1000,False,1,38700.0,232200,4300
Munchies,Popular Essentials Star Anise,7000,10,5,6300,25,False,25,252000.0,31500,700
Munchies,Ching's Secret Chicken 65 Masala - Chicken,1000,0,5,1000,20,False,20,50000.0,5000,0
Munchies,Cadbury Cocoa Powder,22300,5,6,21100,150,False,150,140666.66666666666,126600,1200
Munchies,Praakritik Natural Desi Gir Cow A2 Ghee,145000,10,6,130500,540,False,540,241666.66666666666,783000,14500
Munchies,Praakritik Organic Poha,12000,6,5,11200,500,False,500,22400.0,56000,800
Munchies,Praakritik Organic Natural Wild Forest Honey,16000,6,4,15000,200,False,200,75000.0,60000,1000
Munchies,Popular Essentials Dry Dates (Kharak),14000,15,6,11800,250,False,250,47200.0,70800,2200
Munchies,Popular Essentials Kashmiri Red Rajma,9500,6,4,8900,500,False,500,17800.0,35600,600
Munchies,Dabur Hommade - Garlic Paste,5000,6,6,4700,200,False,200,23500.0,28200,300
Munchies,Dabur 100% Pure Honey,33000,10,1,29700,400,False,400,74250.0,29700,3300
Munchies,Ching's Schezwan Fried Rice(Miracle Masala),4400,0,5,4400,60,False,60,73333.33333333333,22000,0
Munchies,"""Maggi Magic Cubes, Vegetarian Masala""",3500,2,1,3400,40,False,40,85000.0,3400,100
Munchies,Everest Tandoori Chicken Masala,7400,9,3,6700,100,False,100,67000.0,20100,700
Munchies,Popular Essentials Red Poha,4500,4,6,4300,500,False,500,8600.0,25800,200
Munchies,Everest Kitchen King Masala,14200,9,6,12800,200,False,200,64000.0,76800,1400
Munchies,Pillsbury Oven Cake Mix - Rich Chocolate,16500,10,5,14700,285,False,285,51578.94736842105,73500,1800
Munchies,Eastern Super Garam Masala,7400,6,2,6900,200,False,200,34500.0,13800,500
Munchies,Maggi Magic Cubes Extra Chicken,4000,2,6,3900,48,False,48,81250.0,23400,100
Munchies,Satyam Nighties Spices  Chilli Kashmiri,10200,6,6,9500,100,False,100,95000.0,57000,700
Munchies,Eastern Cumin Powder,4900,2,6,4800,100,False,100,48000.0,28800,100
Munchies,Popular Essentials Urad Gola White(Un-Polished),9000,10,6,8100,500,False,500,16200.0,48600,900
Munchies,24 Mantra Organic Chana Dal,9500,6,5,8900,500,False,500,17800.0,44500,600
Munchies,Delight Nuts Cashew Roasted & Salted,42500,20,6,34000,200,False,200,170000.0,204000,8500
Munchies,Popular Essentials Mace/Javitri,9000,10,3,8100,20,False,20,405000.0,24300,900
Munchies,Dlicia Whip Topping Bottle,23500,27,5,17100,1000,False,1,17100.0,85500,6400
Munchies,Mother's Recipe Paste Ginger & Garlic,7600,10,4,6800,300,False,300,22666.666666666668,27200,800
Munchies,24 Mantra Groundnut Oil (Cold Pressed) Pet Bottle,41000,10,6,36900,1000,False,1,36900.0,221400,4100
Munchies,Satyam Pulses Masur Dal,8700,6,6,8100,500,False,500,16200.0,48600,600
Munchies,Delight Nuts Pista Roasted & Salted,42500,20,6,34000,200,False,200,170000.0,204000,8500
Munchies,"Top Ramen Noodles, Atta",8000,0,1,8000,280,False,280,28571.428571428572,8000,0
Munchies,Hershey's Cocoa Powder,9500,0,5,9500,70,False,70,135714.2857142857,47500,0
Munchies,Praakritik Organic Singhara Atta,24000,6,4,22500,500,False,500,45000.0,90000,1500
Munchies,Gits Veg Biryani Ready to Eat,11000,10,6,9900,265,False,265,37358.49056603774,59400,1100
Munchies,Delight Nuts Cranberries Sliced ,29900,20,6,23900,200,False,200,119500.0,143400,6000
Munchies,Borges Durum Wheat Pasta Superior Quality,25000,40,6,14900,500,False,500,29800.0,89400,10100
Munchies,Ceres Foods Laal Maas Instant Liquid Masala,22000,50,5,11000,200,False,200,55000.0,55000,11000
Munchies,Popular Essentials Sattu Atta,9000,12,3,7900,500,False,500,15800.0,23700,1100
Munchies,Popular Essentials Mustard Seeds Rai Yellow,2500,0,5,2500,100,False,100,25000.0,12500,0
Munchies,Praakritik Organic Extra Virgin Coconut Oil,15000,10,5,13400,100,False,100,134000.0,67000,1600
Munchies,Praakritik Organic Garlic Powder,11000,1,5,10800,100,False,100,108000.0,54000,200
Munchies,Sugarfree Gold Low Calorie Sweetner ,12500,5,6,11800,100,False,100,118000.0,70800,700
Munchies,Aashirvaad Breakfast Instant Mix - Rice Idli,7500,30,6,5200,200,False,200,26000.0,31200,2300
Munchies,Kitchens Of India Mutter Paneer,13000,4,6,12400,285,False,285,43508.771929824565,74400,600
Munchies,Ching's Secret Veg Manchurian Masala,4400,0,6,4400,60,False,60,73333.33333333333,26400,0
Munchies,Popular Essentials Jowa Flour,5000,2,5,4900,500,False,500,9800.0,24500,100
Munchies,Everest Shahi Biryani Masala,24500,0,6,24500,200,False,200,122500.0,147000,0
Munchies,Popular Essentials Black Til,5000,6,4,4700,100,False,100,47000.0,18800,300
Munchies,Popular Essentials Pancharatna Dal,8000,10,6,7200,500,False,500,14400.0,43200,800
Munchies,Saffola 100% Pure Honey,47500,8,2,43700,1000,False,750,43700.0,87400,3800
Munchies,Popular Essentials Tamarind,15000,14,6,12800,500,False,500,25600.0,76800,2200
Munchies,Gits Rice Dosa Instant Breakfast Mix,6000,5,5,5700,200,False,200,28500.0,28500,300
Munchies,Popular Essentials Poppy Seeds (Gasagase),28000,7,6,26000,100,False,100,260000.0,156000,2000
Munchies,Hershey's Hot Chocolate Powder,21000,0,4,21000,250,False,250,84000.0,84000,0
Munchies,Borges Farfalle Durum Wheat Pasta ,25000,0,5,25000,500,False,500,50000.0,125000,0
Munchies,Satyam Chilli  Bedgi,8200,10,5,7300,100,False,100,73000.0,36500,900
Munchies,Aashirvaad Instant Mix - Rice Dosa,7500,30,6,5200,200,False,200,26000.0,31200,2300
Munchies,Hershey's Cocoa - Natural Unsweetened,27000,10,4,24300,225,False,225,108000.0,97200,2700
Munchies,Weikfield Veg Jelly Crystals - Mango,4500,2,6,4400,90,False,90,48888.88888888888,26400,100
Munchies,Praakritik Orrganic Cold Pressed Sesame Oil,13000,10,5,11700,100,False,100,117000.0,58500,1300
Munchies,Amulya Dairy Whitener ,38000,2,4,37200,1000,False,1,37200.0,148800,800
Munchies,ITC Master Chef Hyderabadi Biryani,7500,30,5,5200,80,False,80,65000.0,26000,2300
Munchies,Flying Bird Butter Scotch Essence,5000,2,6,4900,20,False,20,245000.0,29400,100
Munchies,Dabur Hommade - Ginger Paste,5000,6,6,4700,200,False,200,23500.0,28200,300
Munchies,Popular Essentials Green Peas (Un-Polished),12000,10,5,10800,500,False,500,21600.0,54000,1200
Munchies,Quaker Oats Pouch,27600,10,6,24800,1500,False,1,16533.333333333336,148800,2800
Munchies,24 Mantra Organic Urad White Whole,14500,15,4,12200,500,False,500,24400.0,48800,2300
Munchies,Popular Essentials Guntur Chilli Stemless,4000,2,2,3900,100,False,100,39000.0,7800,100
Munchies,Popular Essentials Moth Whole,9000,10,6,8100,500,False,500,16200.0,48600,900
Munchies,Keya Pizza Seasoning,10900,17,6,9000,45,False,45,200000.0,54000,1900
Munchies,Keya Piri Piri | Exotic Spices Mix,10900,20,6,8700,80,False,80,108750.0,52200,2200
Munchies,24 Mantra Organic Moong Dal,13500,7,6,12500,500,False,500,25000.0,75000,1000
Munchies,Betty Crocker French Vanilla Cake Mix,31000,10,6,27600,520,False,520,53076.92307692308,165600,3400
Munchies,Delight Nuts Dried Cranberries ,34000,20,6,27200,200,False,200,136000.0,163200,6800
Munchies,Everest Kesari Milk Masala,20500,0,2,20500,50,False,50,410000.0,41000,0
Munchies,Tong Garden Salted Cocktail Nuts,29500,9,5,26600,160,False,160,166250.0,133000,2900
Munchies,MTR Uttapam Mix,16500,5,6,15600,500,False,500,31200.0,93600,900
Munchies,Gits Khaman Dhokla Instant Snack Mix,6500,6,6,6100,180,False,180,33888.88888888888,36600,400
Munchies,Happilo Premium 100% Natural Whole Cashews,33500,29,6,23500,200,False,200,117500.0,141000,10000
Munchies,Everest Dry Mango Powder,8000,0,5,8000,100,False,100,80000.0,40000,0
Munchies,Dabur Hommade - Ginger Garlic Past Tub,11000,5,6,10400,400,False,400,26000.0,62400,600
Munchies,Everest Chicken Masala,14700,10,6,13200,200,False,200,66000.0,79200,1500
Munchies,Gits Medu Vada Instant Snack Mix,9000,4,6,8600,200,False,200,43000.0,51600,400
Munchies,Weikfield Drinking Chocolate Powder,6500,10,6,5800,100,False,100,58000.0,34800,700
Munchies,Popular Essentials Regular White Lobia,7000,10,6,6300,500,False,500,12600.0,37800,700
Munchies,Puro Healthy Salt Crystal,13500,7,6,12500,1000,False,1,12500.0,75000,1000
Munchies,Popular Essentials Premium Jeera Rice,14000,0,5,14000,1000,False,1,14000.0,70000,0
Munchies,Smith & Jones Shahi Paneer Masala Mix,4400,0,6,4400,60,False,60,73333.33333333333,26400,0
Munchies,Betty Crocker Mug Treats - Chocolate Mix - Pack of 4,20000,11,6,17800,264,False,264,67424.24242424242,106800,2200
Munchies,Smith & Jones Pasta Masala,6000,10,5,5400,108,False,108,50000.0,27000,600
Munchies,Catch Black Pepper Sprinkler,10000,0,1,10000,50,False,50,200000.0,10000,0
Munchies,Weikfield Cooker Cake Mix - Chocolate,9500,6,6,8900,150,False,150,59333.333333333336,53400,600
Munchies,ITC Master Chef Butter Chicken,7500,30,6,5200,80,False,80,65000.0,31200,2300
Munchies,Masala Oats Masala & Coriander ,19500,9,5,17600,500,False,500,35200.0,88000,1900
Munchies,Smith & Jones Mutter Paneer Masala,4200,0,6,4200,60,False,60,70000.0,25200,0
Munchies,Kitchens of India Dal Bukhara Gravy Mix,11000,30,6,7700,285,False,285,27017.543859649122,46200,3300
Munchies,Popular Essentials Fried Gram (Bengal Gram),7000,10,6,6300,500,False,500,12600.0,37800,700
Munchies,Gits Jalebi with Maker Dessert Mix,7500,16,6,6300,100,False,100,63000.0,37800,1200
Munchies,Popular Essentials Soya Beans ,8000,6,6,7500,500,False,500,15000.0,45000,500
Munchies,24 Mantra Organic Roasted Bengal Gram Dal,10500,7,6,9700,500,False,500,19400.0,58200,800
Munchies,Keya Italian Seasoning,10900,10,6,9800,35,False,35,280000.0,58800,1100
Munchies,MTR Idli/Dosa/Chilly Chutney Powder,11500,0,3,11500,200,False,200,57500.0,34500,0
Munchies,Delight Nuts Trail Mix ,39900,25,6,29900,200,False,200,149500.0,179400,10000
Munchies,Praakritik Organic Chilka Moong Dal,12000,10,6,10800,500,False,500,21600.0,64800,1200
Munchies,Smith & Jones Garlic & Herbs Masala Mix,9900,0,6,9900,75,False,75,132000.0,59400,0
Munchies,Eastern Tamarind,6300,0,6,6300,200,False,200,31500.0,37800,0
Munchies,Tong Garden Wasabi Coated Greenpeas Tin,20000,11,6,17800,180,False,180,98888.88888888889,106800,2200
Munchies,Flying Bird Pineapple Artifical Food Essence,5000,2,6,4900,20,False,20,245000.0,29400,100
Munchies,Mother's Recipe Tamarind Paste,5000,2,2,4900,200,False,200,24500.0,9800,100
Munchies,Japanese Choice Udon Noodles,29500,9,6,26600,250,False,250,106400.0,159600,2900
Munchies,Pantai Coconut Milk,15000,0,4,15000,400,False,400,37500.0,60000,0
Munchies,Praakritik Organic Masoor Dal,13000,10,6,11600,500,False,500,23200.0,69600,1400
Munchies,Popular Essentials Classic Sona Masuri Rice,43000,10,6,38700,5000,False,5,7740.0,232200,4300
Munchies,Popular Essentials Salted Murmure ,7000,18,6,5700,400,False,400,14250.0,34200,1300
Munchies,Oleev Active Oil (Pouch),26500,9,6,23900,1000,False,1,23900.0,143400,2600
Munchies,Delight Nuts Dried Blueberries ,54000,20,6,43200,150,False,150,288000.0,259200,10800
Munchies,Popular Essentials Double Beans White,6000,10,6,5400,250,False,250,21600.0,32400,600
Munchies,Delight Nuts Almond Natural ,34900,20,6,27900,200,False,200,139500.0,167400,7000
Munchies,Praakritik Organic Jaggery,16000,6,6,15000,900,False,900,16666.666666666668,90000,1000
Munchies,Praakritik Organic Raw Sugar,9000,6,6,8400,500,False,500,16800.0,50400,600
Munchies,MTR Masala - Sambar Powder,11500,0,4,11500,200,False,200,57500.0,46000,0
Munchies,RRO Til Dil Premium Til Oil Bottle,17300,6,6,16200,500,False,500,32400.0,97200,1100
Munchies,ITC Master Chef Vegetable Biryani Cooking Paste,7500,30,5,5200,80,False,80,65000.0,26000,2300
Munchies,Jivana Jaggery,10000,0,2,10000,950,False,950,10526.315789473685,20000,0
Munchies,Praakritik Organic Besan,17000,6,6,15900,500,False,500,31800.0,95400,1100
Munchies,MTR Instant Gulab Jamun Mix,19500,9,6,17600,500,False,500,35200.0,105600,1900
Munchies,Maggi Magic Cubes Extra Chicken,19900,0,2,19900,240,False,240,82916.66666666667,39800,0
Munchies,On1y Mixed Herbs,9900,0,6,9900,14,False,14,707142.8571428572,59400,0
Munchies,Popular Essentials Urad Gola Black (Un-Polished),8000,10,6,7200,500,False,500,14400.0,43200,800
Munchies,Gits Dessert Mix China Grass Bombay Halwa,5500,0,4,5500,80,False,80,68750.0,22000,0
Munchies,Praakritik Organic Basmati Rice,17000,0,5,17000,500,False,500,34000.0,85000,0
Munchies,Ceres Foods Nalli Nihari Instant Liquid Masala,22000,50,6,11000,200,False,200,55000.0,66000,11000
Munchies,Borges Canola Oil Pet Bottle,39900,0,6,39900,1000,False,1,39900.0,239400,0
Munchies,Suhana Biryani Masala,6600,0,6,6600,50,False,50,132000.0,39600,0
Munchies,On1y Black Salt Grinder,9900,0,6,9900,100,False,100,99000.0,59400,0
Munchies,Popular Essentials Nylon Til,4000,2,6,3900,100,False,100,39000.0,23400,100
Munchies,Pillsbury Rich Choco Oven Cake Mix - Egg Free,17000,6,6,15900,270,False,270,58888.88888888888,95400,1100
Munchies,Weikfield Tomato Salsa Instant Pasta,2500,0,1,2500,77,False,77,32467.532467532466,2500,0
Munchies,Praakritik Organic Jowar Atta,11000,6,6,10300,500,False,500,20600.0,61800,700
Munchies,Sugarfree Gold Low Calorie Sweetner ,27000,7,6,25100,50,False,50,502000.0,150600,1900
Munchies,Epicurea Thai Jasmine Rice,29500,0,4,29500,500,False,500,59000.0,118000,0
Munchies,Yummiez Chicken Garlic Fingers Pouch,25000,0,5,25000,400,False,400,62500.0,125000,0
Munchies,RRO Primio Refined Groundnut (Jar),49000,11,6,43600,2000,False,2,21800.0,261600,5400
Munchies,Praakritik Organic Tuvar Dal,14000,0,6,14000,500,False,500,28000.0,84000,0
Munchies,Sugarfree Gold Low Calorie Sweetner,18500,5,3,17500,300,False,300,58333.333333333336,52500,1000
Munchies,Cantina Beans Mexican Beans,25000,14,6,21300,410,False,410,51951.21951219512,127800,3700
Munchies,Pillsbury Oven Cake Mix - Vanilla,17500,10,6,15600,225,False,225,69333.33333333333,93600,1900
Munchies,Hershey's Chocolate Milk Booster,20000,0,6,20000,450,False,450,44444.444444444445,120000,0
Munchies,Popular Essentials Byadagi Chilli Stemless,8000,0,6,8000,100,False,100,80000.0,48000,0
Munchies,Suhana Spice Mix - Chicken Biryani,6600,0,6,6600,50,False,50,132000.0,39600,0
Munchies,Praakritik Organic Yellow Moon Dal,13500,0,6,13500,500,False,500,27000.0,81000,0
Munchies,Maggi Magic Cubes Extra Chicken,19900,10,6,17900,240,False,240,74583.33333333333,107400,2000
Munchies,Dhara Filtered Groundnut Oil (Jar),105000,0,2,105000,5000,False,5,21000.0,210000,0
Munchies,24 Mantra Sona Masuri Brown Rice,47500,10,6,42300,5000,False,5,8460.0,253800,5200
Munchies,24 Mantra Organic Pancharatna Dal - Split,13000,7,6,12000,500,False,500,24000.0,72000,1000
Munchies,24 Mantra Organic Cumin Powder,7000,0,6,7000,100,False,100,70000.0,42000,0
Munchies,Popular Essentials Samba Broken Wheat,10000,11,6,8900,500,False,500,17800.0,53400,1100
Munchies,Betty Crocker Chocolate Fudge Cake Mix,29500,0,6,29500,475,False,475,62105.26315789474,177000,0
Munchies,Borges Extra Light Olive Oil Bottle ,260000,46,6,139900,2000,False,2,69950.0,839400,120100
Munchies,Flying Bird Premium Orange Artificial Food Essence,6000,0,6,6000,20,False,20,300000.0,36000,0
Munchies,Popular Essentials Red Cherry/Gundu Chilli,9500,0,6,9500,100,False,100,95000.0,57000,0
Munchies,Super Saver Kolam Rice Sortex Clean ,70000,10,3,63000,5000,False,5,12600.0,189000,7000
Munchies,Flying Bird Food Essence - Kewra,5000,0,6,5000,20,False,20,250000.0,30000,0
Munchies,MTR Vada Breakfast,20000,0,1,20000,500,False,500,40000.0,20000,0
Munchies,On1y Pasta Seasoning,9900,0,6,9900,30,False,30,330000.0,59400,0
Munchies,Praakritik Organic Indrayani Rice,7000,0,6,7000,500,False,500,14000.0,42000,0
Munchies,On1y Pizza Seasoning,9900,0,6,9900,28,False,28,353571.4285714286,59400,0
Munchies,Kitchens of India Mutter Paneer Mix,12000,30,4,8400,285,False,285,29473.684210526317,33600,3600
Munchies,Aashirvaad Svasti Cow Ghee Tetra Pack,29500,0,6,29500,500,False,500,59000.0,177000,0
Munchies,Weikfield Cooker Cake Mix - Vanilla,9500,0,6,9500,150,False,150,63333.333333333336,57000,0
Munchies,Praakritik Organic Kapli Wheat Atta,16500,10,6,14700,1000,False,1,14700.0,88200,1800
Munchies,Epicurea Sushi Rice,29500,0,6,29500,500,False,500,59000.0,177000,0
Munchies,Sugarfree Natural Green Stevia Leaves Zero Calorie,7500,0,2,7500,100,False,100,75000.0,15000,0
Munchies,Smith & Jones Italian Spices Masala Mix,9900,0,6,9900,75,False,75,132000.0,59400,0
Munchies,Satyam Nighties Spices  Chilli Bore,8900,10,6,8000,100,False,100,80000.0,48000,900
Munchies,Weikfield Veg Jelly Crystals - Orange,4500,2,6,4400,90,False,90,48888.88888888888,26400,100
Munchies,Praakritik Organic Jumbo Rolled Oats,19000,11,6,16900,500,False,500,33800.0,101400,2100
Munchies,On1y Sea Salt Grinder,8900,0,6,8900,100,False,100,89000.0,53400,0
Munchies,Delight Nuts Berries Mix ,39900,20,6,31900,200,False,200,159500.0,191400,8000
Munchies,Everest Kesari Milk Masala,20500,0,6,20500,50,False,20,410000.0,123000,0
Munchies,Praakritik Organic Ginger Powder,13900,10,6,12500,100,False,100,125000.0,75000,1400
Munchies,Suhana Mutton Gravy Mix,4500,0,4,4500,80,False,80,56250.0,18000,0
Munchies,On1y Salad Seasoning Grinder,13900,0,6,13900,45,False,45,308888.88888888893,83400,0
Munchies,Figaro Pure Olive Oil,32500,8,1,29900,200,False,200,149500.0,29900,2600
Munchies,Madhur Sugar,6000,6,0,5600,1000,True,1,5600.0,0,400
Munchies,Amul Fresh Cream,6300,0,0,6300,250,True,250,25200.0,0,0
Munchies,Madhur Pure And Hygienic Sugar,29500,9,0,26600,5000,True,5,5320.0,0,2900
Munchies,Satyam Poha Jada,3500,8,0,3200,500,True,500,6400.0,0,300
Munchies,Aashirvaad Superior MP Whole Wheat Atta,5300,1,0,5200,1000,True,1,5200.0,0,100
Munchies,Fortune Soyabean Oil,21000,13,0,18100,1000,True,1,18100.0,0,2900
Munchies,Maggi Masala Ae Magic,5800,6,0,5400,72,True,72,75000.0,0,400
Munchies,Aashirvaad Iodised Salt ,2200,13,0,1900,1000,True,1,1900.0,0,300
Munchies,Maggi 2-Minute Instant Noodles - Masala,4400,0,0,4400,280,True,280,15714.285714285714,0,0
Munchies,Popular Essentials Phool Makhana (Jumbo Size),15000,14,0,12800,100,True,100,128000.0,0,2200
Munchies,Aashirvaad Atta With Mutigrains,31500,8,0,28700,5000,True,5,5740.0,0,2800
Munchies,Tata Sampann Poha,4400,6,0,4100,500,True,500,8200.0,0,300
Munchies,Fortune Besan Flour,12000,0,0,12000,1000,True,1,12000.0,0,0
Munchies,Popular Essentials Toor Dal (Un-Polished),8000,7,0,7400,500,True,500,14800.0,0,600
Munchies,Everest Tikhalal Hot & Red Chilly Powder,4700,2,0,4600,100,True,100,46000.0,0,100
Munchies,Popular Essentials Chia Seeds,5000,2,0,4900,100,True,100,49000.0,0,100
Munchies,Tata Sampann Unpolished Toor Dal/Arhar Dal,17900,1,0,17700,1000,True,200,17700.0,0,200
Munchies,Everest Coriander Powder,3200,3,0,3100,100,True,100,31000.0,0,100
Munchies,Satyam Thin Poha Patla,3800,7,0,3500,500,True,500,7000.0,0,300
Munchies,Popular Essentials Sona Masouri Raw Rice,7500,0,0,7500,1000,True,1,7500.0,0,0
Munchies,Tata Sampann High Protien Chana Dal - Split,6400,0,0,6400,500,True,500,12800.0,0,0
Munchies,Satyam Singdana ,11900,6,0,11100,500,True,500,22200.0,0,800
Munchies,Tata Sampann Moong Chilka ,8800,6,0,8200,500,True,500,16400.0,0,600
Munchies,Tata Sampann High Protien Toor Dal - Split,9100,2,0,8900,500,True,500,17800.0,0,200
Munchies,Ching's Chow Mein Hakka Noodles Masala,1000,0,0,1000,20,True,20,50000.0,0,0
Munchies,Everest Chat Masala,6500,9,0,5900,100,True,100,59000.0,0,600
Munchies,Popular Essentials Black Brown Chana (Un-Polished),5500,9,0,5000,500,True,500,10000.0,0,500
Munchies,Dabur Ginger Garlic Paste,5000,6,0,4700,200,True,200,23500.0,0,300
Munchies,Ching's Secret Veg Hakka Noodles,10700,0,0,10700,600,True,600,17833.333333333332,0,0
Munchies,Saffola Oats 100 % Natural,1500,0,0,1500,38,True,38,39473.68421052631,0,0
Munchies,Everest Kashmiri Lal Chilli Powder,31000,10,0,27900,500,True,500,55800.0,0,3100
Munchies,Popular Essentials Black Raisins Seedless,6000,10,0,5400,100,True,100,54000.0,0,600
Munchies,Daawat Rozana Super Basmati Rice,7900,0,0,7900,1000,True,1,7900.0,0,0
Munchies,Everest Cumin Powder (Jeera),3000,3,0,2900,50,True,50,58000.0,0,100
Munchies,Everest Sambhar Masala,3400,2,0,3300,50,True,50,66000.0,0,100
Munchies,Maggi Chilly Chow Cuppa Noodles,5000,0,0,5000,70,True,70,71428.57142857143,0,0
Munchies,Popular Essentials Mustard Seeds Rai Big,2000,0,0,2000,100,True,100,20000.0,0,0
Munchies,Patanjali Cow's Ghee,56500,0,0,56500,1000,True,1,56500.0,0,0
Munchies,Everest Amchur Powder,4200,2,0,4100,50,True,50,82000.0,0,100
Munchies,Daawat Super Basmati Rice,18500,8,0,16900,1000,True,1,16900.0,0,1600
Munchies,Popular Essentials Sabudana,6000,10,0,5400,500,True,500,10800.0,0,600
Munchies,Popular Essentials Brown Sugar,4000,0,0,4000,500,True,500,8000.0,0,0
Munchies,Everest Coriander Powder,7000,10,0,6300,200,True,200,31500.0,0,700
Munchies,Sunfeast Yippee! Magic Masala Noodles,4800,6,0,4500,240,True,240,18750.0,0,300
Munchies,Tata Tea Gold,3500,0,0,3500,100,True,200,35000.0,0,0
Munchies,Daawat Rozana Gold Basmati Rice,9000,1,0,8900,1000,True,1,8900.0,0,100
Munchies,Top Ramen Masala,9100,9,0,8200,560,True,560,14642.857142857143,0,900
Munchies,Everest Turmeric Powder,6700,10,0,6000,200,True,200,30000.0,0,700
Munchies,Popular Essentials Buckwheat Flour (Kuttu Atta),12500,9,0,11300,500,True,500,22600.0,0,1200
Munchies,Keya Italian Pizza Oregano,10900,11,0,9700,80,True,80,121250.0,0,1200
Munchies,Chef's Basket Durum Wheat Penne Pasta,16000,50,0,8000,500,True,500,16000.0,0,8000
Munchies,Tata Sampann Kala Chana,12500,0,0,12500,1000,True,1,12500.0,0,0
Munchies,India Gate Basmati Rice,21000,0,0,21000,1000,True,1,21000.0,0,0
Munchies,24 Mantra Organic Whole Wheat Atta,6400,7,0,5900,1000,True,1,5900.0,0,500
Munchies,Zorabian Chicken Kheema Parathas,19000,0,0,19000,300,True,300,63333.333333333336,0,0
Munchies,Sunfeast Pasta Treat Pack of Tomato Cheese,2800,17,0,2300,65,True,65,35384.61538461539,0,500
Munchies,Sugarlite 50% Less Calories Sugar Pouch,9900,40,0,5900,500,True,500,11800.0,0,4000
Munchies,Popular Essentials Sabja/Basil Seeds,6000,15,0,5100,100,True,100,51000.0,0,900
Munchies,Patanjali Pure Honey,9500,0,0,9500,250,True,250,38000.0,0,0
Munchies,Weikfield Falooda Mix - Mango,4900,2,0,4800,200,True,200,24000.0,0,100
Munchies,Pro Nature Organic Sonamasoori Brown Rice,10200,7,0,9400,1000,True,1,9400.0,0,800
Munchies,Maggi Special Masala Spicy Yummy Noodles,7200,0,0,7200,280,True,280,25714.285714285714,0,0
Munchies,Godrej Yummiez Chicken Breakfast Salami,15000,4,0,14300,250,True,250,57200.0,0,700
Munchies,Everest Saffron Kesar,12000,0,0,12000,1,True,0,12000000.0,0,0
"Dairy, Bread & Batter",Mother Dairy Toned Milk Pouch,2500,0,4,2500,500,False,500,5000.0,10000,0
"Dairy, Bread & Batter",Mother Dairy Classic Curd,3000,3,6,2900,400,False,400,7250.0,17400,100
"Dairy, Bread & Batter",Mother Dairy Ultra Full Cream Milk,3100,0,4,3100,500,False,500,6200.0,12400,0
"Dairy, Bread & Batter",Amul Butter - Pasteurised,5000,2,6,4900,100,False,100,49000.0,29400,100
"Dairy, Bread & Batter",Britannia Sandwich White Bread,3300,0,4,3300,350,False,350,9428.57142857143,13200,0
"Dairy, Bread & Batter",iD Curd Pouch,3500,2,6,3400,400,False,400,8500.0,20400,100
"Dairy, Bread & Batter",iD Idli & Dosa Batter ,8000,15,6,6800,1000,False,1,6800.0,40800,1200
"Dairy, Bread & Batter",Britannia 100% Whole Wheat Bread,4500,0,4,4500,450,False,450,10000.0,18000,0
"Dairy, Bread & Batter",Britannia Healthy Slice Sandwich Bread,4000,0,4,4000,450,False,450,8888.888888888889,16000,0
"Dairy, Bread & Batter",Gowardhan Classic Block Fresh Paneer,8900,8,6,8100,200,False,200,40500.0,48600,800
"Dairy, Bread & Batter",Amul Processed Cheese Cubes,10600,4,6,10100,200,False,200,50500.0,60600,500
"Dairy, Bread & Batter",Britannia Pav,2200,0,4,2200,250,False,250,8800.0,8800,0
"Dairy, Bread & Batter",Amul Butter - Pasteurised,24500,2,6,24000,500,False,500,48000.0,144000,500
"Dairy, Bread & Batter",Arden Eggs White,9700,0,4,9700,696,False,12,13936.781609195401,38800,0
"Dairy, Bread & Batter",Arden Eggs White,6500,15,4,5500,348,False,6,15804.597701149425,22000,1000
"Dairy, Bread & Batter",Nestle A+ Nourish Dahi,3500,2,6,3400,200,False,200,17000.0,20400,100
"Dairy, Bread & Batter",Britannia Burger Bun with Sesame Seed,1500,0,4,1500,100,False,100,15000.0,6000,0
"Dairy, Bread & Batter",Amul Frozen Malai Paneer,7500,2,6,7300,200,False,200,36500.0,43800,200
"Dairy, Bread & Batter",iD Natural Paneer,10500,5,6,9900,200,False,200,49500.0,59400,600
"Dairy, Bread & Batter",Britannia Fruit Bun,1700,0,3,1700,100,False,100,17000.0,5100,0
"Dairy, Bread & Batter",Amul Cheese - Processed Slices,12200,1,6,12000,200,False,200,60000.0,72000,200
"Dairy, Bread & Batter",iD Curd Cup,6000,0,6,6000,400,False,400,15000.0,36000,0
"Dairy, Bread & Batter",The Bake Shop Premium White Sandwich Bread,3000,0,1,3000,400,False,400,7500.0,3000,0
"Dairy, Bread & Batter",Britannia Multigrain Bread ,5500,0,4,5500,400,False,400,13750.0,22000,0
"Dairy, Bread & Batter",Amul Processed Cheese Block,10600,0,6,10600,200,False,200,53000.0,63600,0
"Dairy, Bread & Batter",Nestle A+ Nourish Dahi,7000,2,6,6800,400,False,400,17000.0,40800,200
"Dairy, Bread & Batter",Arden Eggs Brown,8500,7,4,7900,348,False,6,22701.149425287356,31600,600
"Dairy, Bread & Batter",Epigamia Misti Doi,3000,0,6,3000,85,False,85,35294.117647058825,18000,0
"Dairy, Bread & Batter",Amul Cheese - Block,24500,2,6,24000,500,False,500,48000.0,144000,500
"Dairy, Bread & Batter",Amul Butter - Pasteurised (School Pack),5900,3,6,5700,100,False,100,57000.0,34200,200
"Dairy, Bread & Batter",Britannia Brown Bread ,4200,0,4,4200,400,False,400,10500.0,16800,0
"Dairy, Bread & Batter",Amul Fresh Cream,19700,3,3,19100,1000,False,1,19100.0,57300,600
"Dairy, Bread & Batter",Epigamia Natural Greek Yogurt,4500,0,6,4500,90,False,90,50000.0,27000,0
"Dairy, Bread & Batter",The Bake Shop Pizza Base,3000,0,1,3000,150,False,150,20000.0,3000,0
"Dairy, Bread & Batter",Amul Delicious Fat Spread - Cholesterol Free,1800,5,6,1700,100,False,100,17000.0,10200,100
"Dairy, Bread & Batter",D'lecta Dairy Cream,5400,5,6,5100,200,False,200,25500.0,30600,300
"Dairy, Bread & Batter",Nestle A+ Actiplus Probiotic Dahi Plain Curd,7800,3,5,7500,400,False,400,18750.0,37500,300
"Dairy, Bread & Batter",Bio Nutrients Pure Diet Tofu Gold ,6000,5,5,5700,200,False,200,28500.0,28500,300
"Dairy, Bread & Batter",Amul Delicious Fat Spread - Cholesterol Free,8800,2,2,8600,500,False,500,17200.0,17200,200
"Dairy, Bread & Batter",Amul Mithai Mate Condensed Sweetened Milk,5600,3,4,5400,200,False,200,27000.0,21600,200
"Dairy, Bread & Batter",Arden Desi Eggs,11000,13,4,9500,348,False,6,27298.850574712644,38000,1500
"Dairy, Bread & Batter",Amul Cheese - Pepper,8500,3,6,8200,200,False,200,41000.0,49200,300
"Dairy, Bread & Batter",Amul Cheese Spread Creamy,8500,5,6,8000,180,False,180,44444.444444444445,48000,500
"Dairy, Bread & Batter",The Bake Shop Foot Long,4000,0,1,4000,200,False,200,20000.0,4000,0
"Dairy, Bread & Batter",Amul Cheese Slices,36000,0,1,35900,750,False,750,47866.666666666664,35900,100
"Dairy, Bread & Batter",Suguna Sharp Egg ,7200,13,3,6200,348,False,6,17816.091954022988,18600,1000
"Dairy, Bread & Batter",Amul Cheese Sauce Mexican Salsa,7500,4,1,7200,200,False,200,36000.0,7200,300
"Dairy, Bread & Batter",Nestle Everyday Dairy Whitener,21000,0,4,21000,400,False,400,52500.0,84000,0
"Dairy, Bread & Batter",Amul Pizza Cheese Processed,10900,4,6,10400,200,False,200,52000.0,62400,500
"Dairy, Bread & Batter",Betty Crocker Complete Pancake Mix Original,11000,4,6,10500,250,False,500,42000.0,63000,500
"Dairy, Bread & Batter",Amul Lite Spread,4000,2,5,3900,100,False,100,39000.0,19500,100
"Dairy, Bread & Batter",Go Cheese Slice - Plain,14000,5,6,13300,200,False,200,66500.0,79800,700
"Dairy, Bread & Batter",Pillsbury Choco Chip Pancake Mix,9900,5,6,9400,165,False,165,56969.69696969697,56400,500
"Dairy, Bread & Batter",RRO Sour Cream,27500,50,4,13700,200,False,200,68500.0,54800,13800
"Dairy, Bread & Batter",D'lecta Natural Feta Cheese Block,10000,5,4,9500,100,False,100,95000.0,38000,500
"Dairy, Bread & Batter",Suguna Active - DHA,7200,13,4,6200,348,False,6,17816.091954022988,24800,1000
"Dairy, Bread & Batter",Go Cheese Processed Angles Plain,10000,5,6,9500,160,False,160,59375.0,57000,500
"Dairy, Bread & Batter",Epigamia Greek Yogurt - Natural,20000,0,1,20000,400,False,400,50000.0,20000,0
"Dairy, Bread & Batter",Amul Unsalted Cooking Butter,24500,2,6,23800,500,False,500,47600.0,142800,700
"Dairy, Bread & Batter",The Whole Truth Dark Chocolate Peanut Butter - Creamy,23500,25,6,17400,325,False,325,53538.46153846154,104400,6100
"Dairy, Bread & Batter",The Laughing Cow Cheese Slices,15500,0,2,15500,200,False,200,77500.0,31000,0
"Dairy, Bread & Batter",Epigamia Almond Milk Unsweetened Dairy Free,30000,33,4,19900,1000,False,1,19900.0,79600,10100
"Dairy, Bread & Batter",Go Cheese  Spread Plain,9900,5,6,9400,200,False,200,47000.0,56400,500
"Dairy, Bread & Batter",So Good Almond Milk - Natural Unsweetened,7000,0,4,7000,200,False,200,35000.0,28000,0
"Dairy, Bread & Batter",Amul Cheese Sauce Jalapeno,7500,0,5,7500,200,False,200,37500.0,37500,0
"Dairy, Bread & Batter",D'lecta Cream Cheese,16900,4,4,16100,150,False,150,107333.33333333333,64400,800
"Dairy, Bread & Batter",Dlecta Natural Cheddar Slices,19900,5,6,18900,200,False,200,94500.0,113400,1000
"Dairy, Bread & Batter",Suguna Heart- Omega3,7200,13,4,6200,348,False,6,17816.091954022988,24800,1000
"Dairy, Bread & Batter",Go Cheese Spread - Garlic,9900,5,6,9400,200,False,200,47000.0,56400,500
"Dairy, Bread & Batter",Go Pizza Cheese,14000,5,6,13300,200,False,200,66500.0,79800,700
"Dairy, Bread & Batter",RRO Cheddar Block Cheese,29500,50,6,14700,200,False,200,73500.0,88200,14800
"Dairy, Bread & Batter",The Whole Truth Peanut Butter With Dates - Creamy No Sugar,21500,9,6,19400,325,False,325,59692.307692307695,116400,2100
"Dairy, Bread & Batter",Suguna Fit Egg,12000,43,4,6800,348,False,6,19540.22988505747,27200,5200
"Dairy, Bread & Batter",Pantai Coconut Cream,15000,4,4,14300,400,False,400,35750.0,57200,700
"Dairy, Bread & Batter",RRO Fresh Ricotta,27500,50,6,13700,200,False,200,68500.0,82200,13800
"Dairy, Bread & Batter",Dlecta Cheese Cubes 2,14500,5,6,13700,200,False,200,68500.0,82200,800
"Dairy, Bread & Batter",RRO Mozzarella Pizza Cheese,27500,50,6,13700,200,False,200,68500.0,82200,13800
"Dairy, Bread & Batter",The Laughing Cow Cheese Cubes,15000,0,4,15000,200,False,200,75000.0,60000,0
"Dairy, Bread & Batter",Yogabar 100% Pure Peanut Butter Creamy & Yummy Unsweetened,22900,10,6,20600,400,False,400,51500.0,123600,2300
"Dairy, Bread & Batter",RRO Burrata Cheese,25000,50,4,12500,200,False,200,62500.0,50000,12500
"Dairy, Bread & Batter",The Whole Truth Dark Chocolate Peanut Butter - Crunchy,23500,20,5,18800,325,False,325,57846.153846153844,94000,4700
"Dairy, Bread & Batter",Go Cheese Processed Squares,12500,5,6,11800,200,False,200,59000.0,70800,700
"Dairy, Bread & Batter",Funfoods Peanut Butter Crunchy,16900,7,1,15600,400,False,400,39000.0,15600,1300
"Dairy, Bread & Batter",Amul Safed Makkhan,23500,1,6,23200,500,False,500,46400.0,139200,300
"Dairy, Bread & Batter",Go Cheese Spread - Four Pepper (Soft & Creamy),9900,5,6,9400,200,False,200,47000.0,56400,500
"Dairy, Bread & Batter",Dlicia Whip Topping Bottle,23500,27,5,17100,1000,False,1,17100.0,85500,6400
"Dairy, Bread & Batter",Amulya Dairy Whitener ,38000,2,4,37200,1000,False,1,37200.0,148800,800
"Dairy, Bread & Batter",Laughing Cow Cheese 8 Portion 120Gm Imported,11000,0,6,11000,120,False,120,91666.66666666667,66000,0
"Dairy, Bread & Batter",The Whole Truth Peanut Butter - Sweetened & Crunchy,21500,20,6,17200,325,False,325,52923.07692307692,103200,4300
"Dairy, Bread & Batter",Go Processed Cheese Block,12500,4,6,11900,200,False,200,59500.0,71400,600
"Dairy, Bread & Batter",Go Cheese Processed Block,24900,4,6,23700,400,False,400,59250.0,142200,1200
"Dairy, Bread & Batter",RRO Goat Milk Fetta Cheee,34500,31,6,23700,100,False,100,237000.0,142200,10800
"Dairy, Bread & Batter",RRO Mascarpone Cheese,35500,50,6,17700,200,False,200,88500.0,106200,17800
"Dairy, Bread & Batter",D'lecta Cheddar Cheese,19900,5,6,18900,200,False,200,94500.0,113400,1000
"Dairy, Bread & Batter",Funfoods Peanut Butter Creamy,16900,0,1,16900,400,False,400,42250.0,16900,0
"Dairy, Bread & Batter",Pantai Coconut Milk,15000,0,4,15000,400,False,400,37500.0,60000,0
"Dairy, Bread & Batter",Dlecta Cheese Block,14500,0,6,14500,200,False,200,72500.0,87000,0
"Dairy, Bread & Batter",President Butter - Salted,5400,0,6,5400,100,False,100,54000.0,32400,0
"Dairy, Bread & Batter",The Laughing Cow Plain Processed Cheese Block,15000,0,6,15000,200,False,200,75000.0,90000,0
"Dairy, Bread & Batter",Yoga Bar Peanut Butter Dark Chocolate Jar,24900,0,4,24900,400,False,400,62250.0,99600,0
"Dairy, Bread & Batter",The Laughing Cow Cheese Spread Plain,11000,0,6,11000,180,False,180,61111.11111111112,66000,0
"Dairy, Bread & Batter",Amul Malai Paneer Fresh ,7600,3,0,7300,200,True,200,36500.0,0,300
"Dairy, Bread & Batter",Amul Taaza Toned Homogenised Milk,6600,3,0,6400,1000,True,1,6400.0,0,200
"Dairy, Bread & Batter",Amul Fresh Cream,6300,0,0,6300,250,True,250,25200.0,0,0
"Dairy, Bread & Batter",Amul Lactose Free Milk,2500,4,0,2400,250,True,250,9600.0,0,100
"Dairy, Bread & Batter",The Bake Shop Whole Wheat Bread,4000,0,0,4000,400,True,400,10000.0,0,0
"Dairy, Bread & Batter",Amul Slim Trim Skimmed Milk,7500,0,0,7500,1000,True,1,7500.0,0,0
"Dairy, Bread & Batter",Amul Cheese Slices,7100,1,0,7000,100,True,100,70000.0,0,100
"Dairy, Bread & Batter",Amul Pizza Cheese - Mozzarella,10000,1,0,9900,200,True,200,49500.0,0,100
"Dairy, Bread & Batter",The Bake Shop Pizza Base Whole Wheat,3000,0,0,3000,150,True,150,20000.0,0,0
"Dairy, Bread & Batter",Nestle A+ Slim Dahi - Low Fat,7800,3,0,7500,400,True,400,18750.0,0,300
"Dairy, Bread & Batter",Britannia Cheese Garlic Bread,3500,0,0,3500,300,True,300,11666.666666666666,0,0
"Dairy, Bread & Batter",The Bake Shop Whole Wheat Ladi Pav,4000,0,0,4000,200,True,200,20000.0,0,0
"Dairy, Bread & Batter",Amul Cheese Spread Yummy Plain,8500,0,0,8500,200,True,200,42500.0,0,0
"Dairy, Bread & Batter",Britannia Atta Kulcha,3000,0,0,3000,250,True,250,12000.0,0,0
"Dairy, Bread & Batter",Suguna Nourish Egg,6200,0,0,6200,696,True,12,8908.045977011494,0,0
"Dairy, Bread & Batter",The Bake Shop Multi Grain Bread,6500,0,0,6500,400,True,400,16250.0,0,0
"Dairy, Bread & Batter",Nestle A+ Slim Milk,8900,0,0,8900,1000,True,1,8900.0,0,0
"Dairy, Bread & Batter",Go Cheese Pizza Blend Mozzarella + Cheddar,12500,5,0,11800,200,True,200,59000.0,0,700
"Dairy, Bread & Batter",The Whole Truth Peanut Butter - Unsweetened & Crunchy,18500,20,0,14800,325,True,325,45538.46153846154,0,3700
"Dairy, Bread & Batter",Amul Cheese Spread Spicy Garlic,8500,3,0,8200,200,True,200,41000.0,0,300
"Dairy, Bread & Batter",The Bake Shop Burger Buns,2000,0,0,2000,100,True,100,20000.0,0,0
"Dairy, Bread & Batter",D'lecta Shredded Mozzarella Cheese,10000,5,0,9500,140,True,140,67857.14285714286,0,500
"Dairy, Bread & Batter",Britannia Burger Bun with Sesame Seed,3000,0,0,3000,200,True,200,15000.0,0,0
"Dairy, Bread & Batter",Suguna Vitamin D Egg,7500,17,0,6200,348,True,6,17816.091954022988,0,1300
"Dairy, Bread & Batter",Pillsbury Pancake Mix - Funfetti,9900,11,0,8800,162,True,162,54320.98765432099,0,1100
"Dairy, Bread & Batter",Prabhat Malai Paneer Pouch,8000,0,0,8000,200,True,200,40000.0,0,0
"Dairy, Bread & Batter",Suguna Nourish Egg ,7200,16,0,6000,348,True,6,17241.37931034483,0,1200
"Dairy, Bread & Batter",RRO Mozzarella Block Cheese,29500,50,0,14700,200,True,200,73500.0,0,14800
Beverages,Mother Dairy Toned Milk Pouch,2500,0,4,2500,500,False,500,5000.0,10000,0
Beverages,Mother Dairy Classic Curd,3000,3,6,2900,400,False,400,7250.0,17400,100
Beverages,Mother Dairy Ultra Full Cream Milk,3100,0,4,3100,500,False,500,6200.0,12400,0
Beverages,Amul Butter - Pasteurised,5000,2,6,4900,100,False,100,49000.0,29400,100
Beverages,Britannia Sandwich White Bread,3300,0,4,3300,350,False,350,9428.57142857143,13200,0
Beverages,iD Curd Pouch,3500,2,6,3400,400,False,400,8500.0,20400,100
Beverages,iD Idli & Dosa Batter ,8000,15,6,6800,1000,False,1,6800.0,40800,1200
Beverages,Britannia 100% Whole Wheat Bread,4500,0,4,4500,450,False,450,10000.0,18000,0
Beverages,Britannia Healthy Slice Sandwich Bread,4000,0,4,4000,450,False,450,8888.888888888889,16000,0
Beverages,Gowardhan Classic Block Fresh Paneer,8900,8,6,8100,200,False,200,40500.0,48600,800
Beverages,Amul Processed Cheese Cubes,10600,4,6,10100,200,False,200,50500.0,60600,500
Beverages,Britannia Pav,2200,0,4,2200,250,False,250,8800.0,8800,0
Beverages,Amul Butter - Pasteurised,24500,2,6,24000,500,False,500,48000.0,144000,500
Beverages,Arden Eggs White,9700,0,4,9700,696,False,12,13936.781609195401,38800,0
Beverages,Arden Eggs White,6500,15,4,5500,348,False,6,15804.597701149425,22000,1000
Beverages,Nestle A+ Nourish Dahi,3500,2,6,3400,200,False,200,17000.0,20400,100
Beverages,Britannia Burger Bun with Sesame Seed,1500,0,4,1500,100,False,100,15000.0,6000,0
Beverages,Amul Frozen Malai Paneer,7500,2,6,7300,200,False,200,36500.0,43800,200
Beverages,iD Natural Paneer,10500,5,6,9900,200,False,200,49500.0,59400,600
Beverages,Britannia Fruit Bun,1700,0,3,1700,100,False,100,17000.0,5100,0
Beverages,Amul Cheese - Processed Slices,12200,1,6,12000,200,False,200,60000.0,72000,200
Beverages,iD Curd Cup,6000,0,6,6000,400,False,400,15000.0,36000,0
Beverages,The Bake Shop Premium White Sandwich Bread,3000,0,1,3000,400,False,400,7500.0,3000,0
Beverages,Britannia Multigrain Bread ,5500,0,4,5500,400,False,400,13750.0,22000,0
Beverages,Amul Processed Cheese Block,10600,0,6,10600,200,False,200,53000.0,63600,0
Beverages,Nestle A+ Nourish Dahi,7000,2,6,6800,400,False,400,17000.0,40800,200
Beverages,Arden Eggs Brown,8500,7,4,7900,348,False,6,22701.149425287356,31600,600
Beverages,Epigamia Misti Doi,3000,0,6,3000,85,False,85,35294.117647058825,18000,0
Beverages,Amul Cheese - Block,24500,2,6,24000,500,False,500,48000.0,144000,500
Beverages,Amul Butter - Pasteurised (School Pack),5900,3,6,5700,100,False,100,57000.0,34200,200
Beverages,Britannia Brown Bread ,4200,0,4,4200,400,False,400,10500.0,16800,0
Beverages,Amul Fresh Cream,19700,3,3,19100,1000,False,1,19100.0,57300,600
Beverages,Epigamia Natural Greek Yogurt,4500,0,6,4500,90,False,90,50000.0,27000,0
Beverages,The Bake Shop Pizza Base,3000,0,1,3000,150,False,150,20000.0,3000,0
Beverages,Amul Delicious Fat Spread - Cholesterol Free,1800,5,6,1700,100,False,100,17000.0,10200,100
Beverages,D'lecta Dairy Cream,5400,5,6,5100,200,False,200,25500.0,30600,300
Beverages,Nestle A+ Actiplus Probiotic Dahi Plain Curd,7800,3,5,7500,400,False,400,18750.0,37500,300
Beverages,Bio Nutrients Pure Diet Tofu Gold ,6000,5,5,5700,200,False,200,28500.0,28500,300
Beverages,Amul Delicious Fat Spread - Cholesterol Free,8800,2,2,8600,500,False,500,17200.0,17200,200
Beverages,Amul Mithai Mate Condensed Sweetened Milk,5600,3,4,5400,200,False,200,27000.0,21600,200
Beverages,Arden Desi Eggs,11000,13,4,9500,348,False,6,27298.850574712644,38000,1500
Beverages,Amul Cheese - Pepper,8500,3,6,8200,200,False,200,41000.0,49200,300
Beverages,Amul Cheese Spread Creamy,8500,5,6,8000,180,False,180,44444.444444444445,48000,500
Beverages,The Bake Shop Foot Long,4000,0,1,4000,200,False,200,20000.0,4000,0
Beverages,Amul Cheese Slices,36000,0,1,35900,750,False,750,47866.666666666664,35900,100
Beverages,Suguna Sharp Egg ,7200,13,3,6200,348,False,6,17816.091954022988,18600,1000
Beverages,Amul Cheese Sauce Mexican Salsa,7500,4,1,7200,200,False,200,36000.0,7200,300
Beverages,Nestle Everyday Dairy Whitener,21000,0,4,21000,400,False,400,52500.0,84000,0
Beverages,Amul Pizza Cheese Processed,10900,4,6,10400,200,False,200,52000.0,62400,500
Beverages,Betty Crocker Complete Pancake Mix Original,11000,4,6,10500,250,False,500,42000.0,63000,500
Beverages,Amul Lite Spread,4000,2,5,3900,100,False,100,39000.0,19500,100
Beverages,Go Cheese Slice - Plain,14000,5,6,13300,200,False,200,66500.0,79800,700
Beverages,Pillsbury Choco Chip Pancake Mix,9900,5,6,9400,165,False,165,56969.69696969697,56400,500
Beverages,RRO Sour Cream,27500,50,4,13700,200,False,200,68500.0,54800,13800
Beverages,D'lecta Natural Feta Cheese Block,10000,5,4,9500,100,False,100,95000.0,38000,500
Beverages,Suguna Active - DHA,7200,13,4,6200,348,False,6,17816.091954022988,24800,1000
Beverages,Go Cheese Processed Angles Plain,10000,5,6,9500,160,False,160,59375.0,57000,500
Beverages,Epigamia Greek Yogurt - Natural,20000,0,1,20000,400,False,400,50000.0,20000,0
Beverages,Amul Unsalted Cooking Butter,24500,2,6,23800,500,False,500,47600.0,142800,700
Beverages,The Whole Truth Dark Chocolate Peanut Butter - Creamy,23500,25,6,17400,325,False,325,53538.46153846154,104400,6100
Beverages,The Laughing Cow Cheese Slices,15500,0,2,15500,200,False,200,77500.0,31000,0
Beverages,Epigamia Almond Milk Unsweetened Dairy Free,30000,33,4,19900,1000,False,1,19900.0,79600,10100
Beverages,Go Cheese  Spread Plain,9900,5,6,9400,200,False,200,47000.0,56400,500
Beverages,So Good Almond Milk - Natural Unsweetened,7000,0,4,7000,200,False,200,35000.0,28000,0
Beverages,Amul Cheese Sauce Jalapeno,7500,0,5,7500,200,False,200,37500.0,37500,0
Beverages,D'lecta Cream Cheese,16900,4,4,16100,150,False,150,107333.33333333333,64400,800
Beverages,Dlecta Natural Cheddar Slices,19900,5,6,18900,200,False,200,94500.0,113400,1000
Beverages,Suguna Heart- Omega3,7200,13,4,6200,348,False,6,17816.091954022988,24800,1000
Beverages,Go Cheese Spread - Garlic,9900,5,6,9400,200,False,200,47000.0,56400,500
Beverages,Go Pizza Cheese,14000,5,6,13300,200,False,200,66500.0,79800,700
Beverages,RRO Cheddar Block Cheese,29500,50,6,14700,200,False,200,73500.0,88200,14800
Beverages,The Whole Truth Peanut Butter With Dates - Creamy No Sugar,21500,9,6,19400,325,False,325,59692.307692307695,116400,2100
Beverages,Suguna Fit Egg,12000,43,4,6800,348,False,6,19540.22988505747,27200,5200
Beverages,Pantai Coconut Cream,15000,4,4,14300,400,False,400,35750.0,57200,700
Beverages,RRO Fresh Ricotta,27500,50,6,13700,200,False,200,68500.0,82200,13800
Beverages,Dlecta Cheese Cubes 2,14500,5,6,13700,200,False,200,68500.0,82200,800
Beverages,RRO Mozzarella Pizza Cheese,27500,50,6,13700,200,False,200,68500.0,82200,13800
Beverages,The Laughing Cow Cheese Cubes,15000,0,4,15000,200,False,200,75000.0,60000,0
Beverages,Yogabar 100% Pure Peanut Butter Creamy & Yummy Unsweetened,22900,10,6,20600,400,False,400,51500.0,123600,2300
Beverages,RRO Burrata Cheese,25000,50,4,12500,200,False,200,62500.0,50000,12500
Beverages,The Whole Truth Dark Chocolate Peanut Butter - Crunchy,23500,20,5,18800,325,False,325,57846.153846153844,94000,4700
Beverages,Go Cheese Processed Squares,12500,5,6,11800,200,False,200,59000.0,70800,700
Beverages,Funfoods Peanut Butter Crunchy,16900,7,1,15600,400,False,400,39000.0,15600,1300
Beverages,Amul Safed Makkhan,23500,1,6,23200,500,False,500,46400.0,139200,300
Beverages,Go Cheese Spread - Four Pepper (Soft & Creamy),9900,5,6,9400,200,False,200,47000.0,56400,500
Beverages,Dlicia Whip Topping Bottle,23500,27,5,17100,1000,False,1,17100.0,85500,6400
Beverages,Amulya Dairy Whitener ,38000,2,4,37200,1000,False,1,37200.0,148800,800
Beverages,Laughing Cow Cheese 8 Portion 120Gm Imported,11000,0,6,11000,120,False,120,91666.66666666667,66000,0
Beverages,The Whole Truth Peanut Butter - Sweetened & Crunchy,21500,20,6,17200,325,False,325,52923.07692307692,103200,4300
Beverages,Go Processed Cheese Block,12500,4,6,11900,200,False,200,59500.0,71400,600
Beverages,Go Cheese Processed Block,24900,4,6,23700,400,False,400,59250.0,142200,1200
Beverages,RRO Goat Milk Fetta Cheee,34500,31,6,23700,100,False,100,237000.0,142200,10800
Beverages,RRO Mascarpone Cheese,35500,50,6,17700,200,False,200,88500.0,106200,17800
Beverages,D'lecta Cheddar Cheese,19900,5,6,18900,200,False,200,94500.0,113400,1000
Beverages,Funfoods Peanut Butter Creamy,16900,0,1,16900,400,False,400,42250.0,16900,0
Beverages,Pantai Coconut Milk,15000,0,4,15000,400,False,400,37500.0,60000,0
Beverages,Dlecta Cheese Block,14500,0,6,14500,200,False,200,72500.0,87000,0
Beverages,President Butter - Salted,5400,0,6,5400,100,False,100,54000.0,32400,0
Beverages,The Laughing Cow Plain Processed Cheese Block,15000,0,6,15000,200,False,200,75000.0,90000,0
Beverages,Yoga Bar Peanut Butter Dark Chocolate Jar,24900,0,4,24900,400,False,400,62250.0,99600,0
Beverages,The Laughing Cow Cheese Spread Plain,11000,0,6,11000,180,False,180,61111.11111111112,66000,0
Beverages,Amul Malai Paneer Fresh ,7600,3,0,7300,200,True,200,36500.0,0,300
Beverages,Amul Taaza Toned Homogenised Milk,6600,3,0,6400,1000,True,1,6400.0,0,200
Beverages,Amul Fresh Cream,6300,0,0,6300,250,True,250,25200.0,0,0
Beverages,Amul Lactose Free Milk,2500,4,0,2400,250,True,250,9600.0,0,100
Beverages,The Bake Shop Whole Wheat Bread,4000,0,0,4000,400,True,400,10000.0,0,0
Beverages,Amul Slim Trim Skimmed Milk,7500,0,0,7500,1000,True,1,7500.0,0,0
Beverages,Amul Cheese Slices,7100,1,0,7000,100,True,100,70000.0,0,100
Beverages,Amul Pizza Cheese - Mozzarella,10000,1,0,9900,200,True,200,49500.0,0,100
Beverages,The Bake Shop Pizza Base Whole Wheat,3000,0,0,3000,150,True,150,20000.0,0,0
Beverages,Nestle A+ Slim Dahi - Low Fat,7800,3,0,7500,400,True,400,18750.0,0,300
Beverages,Britannia Cheese Garlic Bread,3500,0,0,3500,300,True,300,11666.666666666666,0,0
Beverages,The Bake Shop Whole Wheat Ladi Pav,4000,0,0,4000,200,True,200,20000.0,0,0
Beverages,Amul Cheese Spread Yummy Plain,8500,0,0,8500,200,True,200,42500.0,0,0
Beverages,Britannia Atta Kulcha,3000,0,0,3000,250,True,250,12000.0,0,0
Beverages,Suguna Nourish Egg,6200,0,0,6200,696,True,12,8908.045977011494,0,0
Beverages,The Bake Shop Multi Grain Bread,6500,0,0,6500,400,True,400,16250.0,0,0
Beverages,Nestle A+ Slim Milk,8900,0,0,8900,1000,True,1,8900.0,0,0
Beverages,Go Cheese Pizza Blend Mozzarella + Cheddar,12500,5,0,11800,200,True,200,59000.0,0,700
Beverages,The Whole Truth Peanut Butter - Unsweetened & Crunchy,18500,20,0,14800,325,True,325,45538.46153846154,0,3700
Beverages,Amul Cheese Spread Spicy Garlic,8500,3,0,8200,200,True,200,41000.0,0,300
Beverages,The Bake Shop Burger Buns,2000,0,0,2000,100,True,100,20000.0,0,0
Beverages,D'lecta Shredded Mozzarella Cheese,10000,5,0,9500,140,True,140,67857.14285714286,0,500
Beverages,Britannia Burger Bun with Sesame Seed,3000,0,0,3000,200,True,200,15000.0,0,0
Beverages,Suguna Vitamin D Egg,7500,17,0,6200,348,True,6,17816.091954022988,0,1300
Beverages,Pillsbury Pancake Mix - Funfetti,9900,11,0,8800,162,True,162,54320.98765432099,0,1100
Beverages,Prabhat Malai Paneer Pouch,8000,0,0,8000,200,True,200,40000.0,0,0
Beverages,Suguna Nourish Egg ,7200,16,0,6000,348,True,6,17241.37931034483,0,1200
Beverages,RRO Mozzarella Block Cheese,29500,50,0,14700,200,True,200,73500.0,0,14800
Packaged Food,Maggi 2 Minute Masala Noodles,1200,0,6,1200,70,False,70,17142.85714285714,7200,0
Packaged Food,iD Idli & Dosa Batter ,8000,15,6,6800,1000,False,1,6800.0,40800,1200
Packaged Food,iD Malabar Parota ,8000,10,4,7200,400,False,400,18000.0,28800,800
Packaged Food,iD Wheat Lachha Paratha,8000,12,6,7000,400,False,400,17500.0,42000,1000
Packaged Food,McCain Aloo Tikki,11000,4,6,10500,400,False,400,26250.0,63000,500
Packaged Food,McCain Smiles Cripsy Happy Potatoes,12000,5,6,11400,415,False,415,27469.87951807229,68400,600
Packaged Food,McCain Veggie Burger Patty,11500,3,6,11100,360,False,360,30833.333333333332,66600,400
Packaged Food,McCain Veggie Fingers,11700,5,6,11100,400,False,400,27750.0,66600,600
Packaged Food,Amul Delicious Fat Spread - Cholesterol Free,1800,5,6,1700,100,False,100,17000.0,10200,100
Packaged Food,Whiskas Wet  Meal (Adult - Cat Food)  Chicken in Gravy,3500,2,2,3400,85,False,85,40000.0,6800,100
Packaged Food,McCain Chilli Garlic Potato Bites Crunchy Potato Nuggets,12500,5,1,11800,420,False,420,28095.238095238095,11800,700
Packaged Food,Ching's Secret Instant Hot Garlic Noodles,1500,0,3,1500,60,False,60,25000.0,4500,0
Packaged Food,Veeba Eggless Mayonnaise,7900,11,5,7000,250,False,250,28000.0,35000,900
Packaged Food,Ching's Secret Instant Schezwan Noodles,1500,0,6,1500,60,False,60,25000.0,9000,0
Packaged Food,Veeba Pasta And Pizza Sauce,7500,13,5,6500,280,False,280,23214.285714285714,32500,1000
Packaged Food,Top Ramen  Noodles Curry Veg Pouch,2000,0,1,2000,70,False,70,28571.428571428572,2000,0
Packaged Food,Saffola Veggie Twist Masala Oats,1500,0,6,1500,38,False,38,39473.68421052631,9000,0
Packaged Food,Unibic Almond & Oats Protein Bar,4000,17,4,3300,30,False,30,110000.0,13200,700
Packaged Food,Quaker Oats,7900,0,2,7900,400,False,400,19750.0,15800,0
Packaged Food,Amul Delicious Fat Spread - Cholesterol Free,8800,2,2,8600,500,False,500,17200.0,17200,200
Packaged Food,McCain French Fries,12000,5,1,11400,420,False,420,27142.85714285714,11400,600
Packaged Food,Ching's Secret Manchow Instant Soup,1000,0,1,1000,15,False,15,66666.66666666667,1000,0
Packaged Food,McCain Potato Cheese Shotz,13000,4,6,12400,250,False,250,49600.0,74400,600
Packaged Food,McCain Masala - Fries,12000,5,3,11400,375,False,375,30400.0,34200,600
Packaged Food,Ching's Secret Schezwan Fried Rice Masala,1500,0,6,1500,20,False,20,75000.0,9000,0
Packaged Food,McCain New Mini Samosa with Cheese Pizza Style Filling,12000,1,3,11800,240,False,240,49166.666666666664,35400,200
Packaged Food,McCain Chilli Cheesy Nuggets,13000,4,1,12400,250,False,250,49600.0,12400,600
Packaged Food,"Whiskas Adult (+1 Year) Dry Cat Food, Ocean Fish Flavour",43000,10,6,38700,1200,False,1,32250.0,232200,4300
Packaged Food,Chings Instant Soup - Hot & Sour,1000,0,1,1000,15,False,15,66666.66666666667,1000,0
Packaged Food,Amul Spray Infant Milk Food,19700,2,6,19300,500,False,500,38600.0,115800,400
Packaged Food,McCain Smiles - Pudina Chatka,12000,5,3,11400,375,False,375,30400.0,34200,600
Packaged Food,McCain French Fries Crisp & Delicious,17500,4,3,16700,750,False,750,22266.666666666664,50100,800
Packaged Food,Ferrero Nutella Hazelnut Spread,22000,5,2,20700,180,False,180,115000.0,41400,1300
Packaged Food,Lijjat Garlic Papad,6000,5,5,5700,200,False,200,28500.0,28500,300
Packaged Food,Switz Samosa Dough Sheets,9000,4,6,8600,50,False,50,172000.0,51600,400
Packaged Food,Amul Cheese Spread Creamy,8500,5,6,8000,180,False,180,44444.444444444445,48000,500
Packaged Food,Maggi Imli Sauce Pichkoo,2200,0,6,2200,90,False,90,24444.44444444444,13200,0
Packaged Food,Whiskas Kitten (2-12 months) Dry Cat Food Food Ocean Fish,38500,9,5,34700,1100,False,1100,31545.454545454548,173500,3800
Packaged Food,Chings Instant Soup - Sweet Corn Veg,1000,0,2,1000,15,False,15,66666.66666666667,2000,0
Packaged Food,Whiskas Wet  Meal (Kitten - Cat Food)  Chicken in Gravy,3500,5,2,3300,85,False,85,38823.529411764706,6600,200
Packaged Food,McCain Crazy Fries Masala MixHot 'n' Tangy,12000,5,6,11400,400,False,400,28500.0,68400,600
Packaged Food,The Whole Truth Double Cocoa Protein Bar No Sugar,10000,10,6,9000,52,False,52,173076.92307692306,54000,1000
Packaged Food,Amul Happy Treats French Fries,6800,4,1,6500,425,False,425,15294.117647058823,6500,300
Packaged Food,Ferrero Nutella Hazeulnut Spread,38000,6,5,35700,350,False,350,102000.0,178500,2300
Packaged Food,Veeba Chipolte Southwest Dressing,16100,7,4,14900,300,False,300,49666.666666666664,59600,1200
Packaged Food,Ching's Secret Manchow Noodles Instant Soup,1500,0,6,1500,20,False,20,75000.0,9000,0
Packaged Food,Yoga Bar Breakfast Protein Bar - Blueberry Pie,5000,12,1,4400,50,False,50,88000.0,4400,600
Packaged Food,Quaker Oats,19900,7,6,18400,1000,False,1,18400.0,110400,1500
Packaged Food,The Whole Truth Mini Protein Bar - Coconut Cocoa No Added Sugar,5500,25,6,4100,27,False,27,151851.85185185185,24600,1400
Packaged Food,Switz Spring Roll Dough Sheets,9000,4,6,8600,1160,False,20,7413.793103448275,51600,400
Packaged Food,Unibic Fruit & Nut Real Cranberries & Almonds Protein Bar,4000,17,6,3300,30,False,30,110000.0,19800,700
Packaged Food,Ching's Secret Tomato Instant Soup,1000,0,1,1000,16,False,15,62500.0,1000,0
Packaged Food,Chef's Basket Durum Wheat Elbow Pasta,16000,50,6,8000,500,False,500,16000.0,48000,8000
Packaged Food,Sunfeast Yippee! Mood Masala Noodles,6000,28,3,4300,260,False,260,16538.46153846154,12900,1700
Packaged Food,MTR Breakfast Khatta Meetha Poha Mix,2500,20,6,2000,60,False,60,33333.333333333336,12000,500
Packaged Food,Kellogg's Crunchy Fruit & Nut Breakfast Cereals Muesli,44500,9,6,40100,750,False,750,53466.66666666667,240600,4400
Packaged Food,Ching's Secret Chilli Vinegar,5000,0,4,5000,170,False,170,29411.764705882353,20000,0
Packaged Food,Ching's Red Chilli Sauce,5500,0,6,5500,200,False,200,27500.0,33000,0
Packaged Food,Amul Lite Spread,4000,2,5,3900,100,False,100,39000.0,19500,100
Packaged Food,Borges Durum Wheat Fusilli Pasta ,25000,0,3,25000,500,False,500,50000.0,75000,0
Packaged Food,The Whole Truth Cranberry Mini Protein Bar No Sugar,5500,20,6,4400,27,False,27,162962.96296296295,26400,1100
Packaged Food,The Whole Truth Mini Protein Bar - Coffee Cocoa No Added Sugar,5500,20,6,4400,27,False,27,162962.96296296295,26400,1100
Packaged Food,Maggi Hot & Sweet Tomato Chilli Sauce,11500,0,1,11500,500,False,500,23000.0,11500,0
Packaged Food,Sunfeast YiPPee! Noodles - Magic Masala,9600,5,4,9100,540,False,540,16851.85185185185,36400,500
Packaged Food,Chef's Basket Durum Wheat Fusilli Pasta,16000,50,6,8000,500,False,500,16000.0,48000,8000
Packaged Food,Top Ramen Chicken Noodles,6000,10,1,5400,280,False,280,19285.714285714286,5400,600
Packaged Food,Veeba Cheese and Chilli Sandwich Spread,8900,11,6,7900,275,False,275,28727.272727272728,47400,1000
Packaged Food,Ching’s Secret Chowmein Hakka Noodles Masala ,4400,0,2,4400,60,False,60,73333.33333333333,8800,0
Packaged Food,Safal Frozen - Mixed Vegetables,11000,4,2,10500,1000,False,1,10500.0,21000,500
Packaged Food,MTR 3 Min Poha,2500,0,6,2500,60,False,60,41666.666666666664,15000,0
Packaged Food,Ching's Manchurian Instant Noodles,1500,0,5,1500,60,False,60,25000.0,7500,0
Packaged Food,The Whole Truth Peanut Cocoa Mini Protein Bar No Sugar ,5500,25,6,4100,27,False,27,151851.85185185185,24600,1400
Packaged Food,Gits Pav Bhaji Ready to Eat,11000,22,6,8500,300,False,300,28333.333333333332,51000,2500
Packaged Food,McCain New Mini Samosa with Cheese Corn Style Filling,12000,1,2,11800,240,False,240,49166.666666666664,23600,200
Packaged Food,Lijjat Udad Mini Papad,6000,6,6,5600,200,False,200,28000.0,33600,400
Packaged Food,McCain Herb & Garlic Crazy Fries Masala Mix ,12000,5,5,11400,400,False,400,28500.0,57000,600
Packaged Food,Yoga Bar Multigrain Energy Bar Nuts And Seeds,4000,12,4,3500,38,False,38,92105.26315789473,14000,500
Packaged Food,"Ching's Secret Sauce, Green Chilli",5500,0,5,5500,190,False,190,28947.36842105263,27500,0
Packaged Food,Veeba Pizza Topping,7500,6,4,7000,280,False,280,25000.0,28000,500
Packaged Food,Switz Paratha Puff,11000,4,6,10500,400,False,400,26250.0,63000,500
Packaged Food,"New Kellogg's Muesli with 21% Fruit, Nut & Seeds",32500,6,6,30500,500,False,500,61000.0,183000,2000
Packaged Food,The Whole Truth Double Cocoa Mini Protein Bar No Sugar,5500,20,5,4400,27,False,27,162962.96296296295,22000,1100
Packaged Food,Sunfeast Yippee Tricolor Pasta Seasoning,2800,17,1,2300,65,False,65,35384.61538461539,2300,500
Packaged Food,Wingreens Cheesy Chipotle Sauce,9900,49,1,5000,130,False,130,38461.53846153846,5000,4900
Packaged Food,Maggi Rich Tomato Ketchup,10500,4,2,10000,500,False,500,20000.0,20000,500
Packaged Food,The Whole Truth Dark Chocolate Peanut Butter - Creamy,23500,25,6,17400,325,False,325,53538.46153846154,104400,6100
Packaged Food,Godrej Yummiez Chicken Nuggets,32500,9,1,29300,500,False,500,58600.0,29300,3200
Packaged Food,Go Cheese  Spread Plain,9900,5,6,9400,200,False,200,47000.0,56400,500
Packaged Food,Kellogg's Real Almond & Honey Corn Flakes,17500,9,6,15800,300,False,300,52666.666666666664,94800,1700
Packaged Food,The Whole Truth Vegan Almond Choco Fudge Energy Bar No Sugar,6000,20,6,4800,40,False,40,120000.0,28800,1200
Packaged Food,Prasuma Vegetable Momos,27000,0,5,27000,24,False,24,1125000.0,135000,0
Packaged Food,MTR Upma,5000,10,6,4500,160,False,160,28125.0,27000,500
Packaged Food,Ching's Schezwan Masala Instant Noodles,6000,0,1,6000,240,False,240,25000.0,6000,0
Packaged Food,The Whole Truth Cranberry Protein Bar No Sugar,10000,26,6,7400,52,False,52,142307.6923076923,44400,2600
Packaged Food,Saffola Yummy Masala Noodles ,2000,0,2,2000,46,False,46,43478.260869565216,4000,0
Packaged Food,Veeba English Mustard,7400,6,2,6900,300,False,300,23000.0,13800,500
Packaged Food,Dabur Hommade Tamarind Paste,4800,6,6,4500,200,False,200,22500.0,27000,300
Packaged Food,Yoga Bar Breakfast Muesli - Almond Caramel (No Added Sugar),32500,4,6,30900,400,False,400,77250.0,185400,1600
Packaged Food,The Whole Truth Mini Protein Bar - Peanut Butter No Added Sugar,5500,25,6,4100,27,False,27,151851.85185185185,24600,1400
Packaged Food,ITC Master Chef Crispy Chicken Fries ,17000,4,3,16200,280,False,280,57857.142857142855,48600,800
Packaged Food,Kelloggs Corn Flakes,9900,13,6,8600,250,False,250,34400.0,51600,1300
Packaged Food,Nissin Cup Noodles Tangy Tomato,5000,10,2,4500,70,False,70,64285.71428571429,9000,500
Packaged Food,Smith & Jones White Pasta Sauce Mix,4000,0,3,4000,46,False,46,86956.52173913043,12000,0
Packaged Food,Sunfeast Yippee! Pasta Treat - Sour Cream Onion,2800,10,1,2500,65,False,65,38461.53846153846,2500,300
Packaged Food,Mothers Recipe Tamrind Date Chutney ,5500,9,2,5000,200,False,200,25000.0,10000,500
Packaged Food,Veeba Mint Mayonnaise,16900,8,4,15500,300,False,300,51666.666666666664,62000,1400
Packaged Food,Mccain Emotibites - Crispy Happy Potato Snack,13000,0,6,12900,415,False,415,31084.33734939759,77400,100
Packaged Food,The Whole Truth Energy Bar Choco Cranberry Fudge,6000,26,6,4400,40,False,40,110000.0,26400,1600
Packaged Food,Godrej Yummiez Chicken Lucknowi Seekh Kebab,26000,10,4,23400,400,False,400,58500.0,93600,2600
Packaged Food,Prasuma Vegetable Momos,15000,0,5,15000,580,False,10,25862.068965517243,75000,0
Packaged Food,Mother's Recipe Mixed Pickle,8500,9,2,7700,300,False,300,25666.666666666668,15400,800
Packaged Food,Sunfeast Yippee! Pasta Treat - Sour Cream Onion,2800,17,3,2300,65,False,65,35384.61538461539,6900,500
Packaged Food,The Whole Truth Peanut Cocoa Protein Bar No Sugar,10000,26,6,7400,52,False,52,142307.6923076923,44400,2600
Packaged Food,Yoga Bar Breakfast Muesli - Chocolate & Cranberry ,32500,4,6,30900,400,False,400,77250.0,185400,1600
Packaged Food,Sunfeast YiPPee! Magic Masala Noodles,7000,10,3,6300,405,False,405,15555.555555555555,18900,700
Packaged Food,Veeba Sweet Onion Sauce,14100,14,4,12100,350,False,350,34571.42857142857,48400,2000
Packaged Food,Quaker Oats Breakfast Cereals - With Flavour Mix Nutritious Rich Source Of Energy,4900,8,6,4500,200,False,200,22500.0,27000,400
Packaged Food,Mother's Recipe Tamarind Paste,5000,2,6,4900,200,False,200,24500.0,29400,100
Packaged Food,Yogabar No Added Sugar Protein Bar Brownie,12500,15,4,10600,60,False,60,176666.66666666666,42400,1900
Packaged Food,Bambino Popular Vermicelli ,4000,2,3,3900,400,False,400,9750.0,11700,100
Packaged Food,Ching's Secret Mix Veg Instant Soup,1000,0,3,1000,15,False,15,66666.66666666667,3000,0
Packaged Food,Mother's Recipe Pickle - Red Stuffed Chilli,14500,11,3,12900,400,False,400,32250.0,38700,1600
Packaged Food,Kellogg's No Added Sugar Muesli,33500,11,6,29800,500,False,500,59600.0,178800,3700
Packaged Food,Veeba Salsa Dip,11900,6,6,11100,360,False,360,30833.333333333332,66600,800
Packaged Food,Veeba Thousand Island Dressing,14900,8,6,13700,300,False,300,45666.666666666664,82200,1200
Packaged Food,Baggry's Crunchy Muesli Almond Raisins & Honey,13000,0,5,13000,200,False,200,65000.0,65000,0
Packaged Food,Knorr Chinese Hot And Sour Veg Soup,5500,3,1,5300,43,False,43,123255.81395348837,5300,200
Packaged Food,Go Cheese Spread - Garlic,9900,5,6,9400,200,False,200,47000.0,56400,500
Packaged Food,The Whole Truth Peanut Butter With Dates - Creamy No Sugar,21500,9,6,19400,325,False,325,59692.307692307695,116400,2100
Packaged Food,Zorabian Chicken Smoked Ham,20500,5,1,19400,250,False,250,77600.0,19400,1100
Packaged Food,Kissan Pineapple Jam,16500,9,1,14900,500,False,500,29800.0,14900,1600
Packaged Food,Smith & Jones Masala Noodles,8900,0,5,8900,480,False,480,18541.666666666668,44500,0
Packaged Food,Nestle Nestle Nan Pro Follow-Up Formula,65000,0,6,65000,400,False,400,162500.0,390000,0
Packaged Food,Sunfeast Yippee! Power Up Atta Noodles,9600,15,6,8100,280,False,280,28928.571428571428,48600,1500
Packaged Food,McCain Super Wedges,12000,7,6,11100,400,False,400,27750.0,66600,900
Packaged Food,"Kellogg's Crunchy Granola Honey, Almonds, Strawberries & Pumpkin Seeds",33000,10,1,29400,450,False,450,65333.33333333333,29400,3600
Packaged Food,Kellogg's Chocos,13000,10,6,11700,250,False,250,46800.0,70200,1300
Packaged Food,Ching's Secret Just Soak - Whole Wheat Veg Hakka Noodle,3200,0,3,3200,150,False,150,21333.333333333332,9600,0
Packaged Food,The Whole Truth Vegan Fig Apricot & Orange Energy Bar No Sugar,6000,20,6,4800,40,False,40,120000.0,28800,1200
Packaged Food,Saffola Veggie Twist Masala Oats,19500,12,2,17100,500,False,500,34200.0,34200,2400
Packaged Food,ITC Master Chef Classic Aloo Tikki,8000,10,3,7200,320,False,320,22500.0,21600,800
Packaged Food,Smith & Jones Pink Pasta Sauce Mix,4000,0,4,4000,46,False,46,86956.52173913043,16000,0
Packaged Food,Wingreens Farms Chipotle Dip,20000,25,1,15000,180,False,180,83333.33333333333,15000,5000
Packaged Food,Kellogg's Real Almond & Honey Corn Flakes,55000,5,3,52000,1000,False,1,52000.0,156000,3000
Packaged Food,Kellogg's Crunchy Granola Chocolate & Almonds,33000,10,3,29400,450,False,450,65333.33333333333,88200,3600
Packaged Food,Cornitos Cornitos Taco Shells - 6 Inches,16000,20,4,12800,180,False,180,71111.11111111111,51200,3200
Packaged Food,Ching's Secret Singapore Curry Instant Noodles,1500,0,3,1500,60,False,60,25000.0,4500,0
Packaged Food,Mother's Recipe Pickle - Mango,12500,9,6,11300,400,False,500,28250.0,67800,1200
Packaged Food,Godrej Yummiez Chilli Chicken Sausages ,16000,10,3,14400,250,False,250,57600.0,43200,1600
Packaged Food,Pedigree Dentastix  Dog Treat Oral Care for Adult Medium Breed ,17500,20,6,14000,180,False,180,77777.77777777777,84000,3500
Packaged Food,Maggi Hot & Sweet - Tomato Chilli Sauce,17000,10,1,15300,1000,False,1,15300.0,15300,1700
Packaged Food,Ching's Secret Asian Hot Instant Soup,1500,0,3,1500,15,False,15,100000.0,4500,0
Packaged Food,Kellogg’s Chocos Protein And Fibre Of 1 Roti,49900,11,6,44400,1200,False,1,37000.0,266400,5500
Packaged Food,Mother's Recipe Pickle - Mango,14900,26,4,10900,500,False,500,21800.0,43600,4000
Packaged Food,Chings Secret Manchurian Instant Noodle,6000,0,6,6000,240,False,240,25000.0,36000,0
Packaged Food,Kellogg's Original Corn Flakes,31000,6,6,29000,875,False,875,33142.857142857145,174000,2000
Packaged Food,Ching's Singapore Curry Instant Noodles,6000,0,4,6000,240,False,240,25000.0,24000,0
Packaged Food,Kellogg's Almonds And Cranberries Granola,33000,6,6,31000,460,False,460,67391.3043478261,186000,2000
Packaged Food,Nestle Ceregrow Multigrain Cereal with Milk and Fruits - 3 to 6 years,29200,0,6,29200,300,False,300,97333.33333333333,175200,0
Packaged Food,MTR 3 Minute Breakfast - Magic Masala Upma,2500,0,6,2500,60,False,60,41666.666666666664,15000,0
Packaged Food,Smith & Jones Masala Noodles,6800,10,5,6100,360,False,360,16944.44444444444,30500,700
Packaged Food,"Knorr Classic Tomato Soup With 100% Real Vegetabls, No Added Preservatives",5500,0,6,5500,53,False,53,103773.58490566038,33000,0
Packaged Food,Godrej Yummiez Chicken Punjabi Tikka ,29500,9,6,26600,360,False,360,73888.88888888889,159600,2900
Packaged Food,Kellogg's Corn Flakes,42500,9,1,38300,1000,False,1,38300.0,38300,4200
Packaged Food,Kelloggs Chocos,17000,5,4,16000,385,False,385,41558.441558441555,64000,1000
Packaged Food,Pedigree Puppy Dry Dog Food Food Chicken & Milk,29000,20,6,23200,1200,False,1200,19333.333333333332,139200,5800
Packaged Food,Ching's Secret Lemon Coriander Instant Soup,1500,0,5,1500,15,False,15,100000.0,7500,0
Packaged Food,Nestle Cerelac Baby Cereal With Milk Wheat-Rice Mixed Fruit,26100,0,6,26100,300,False,300,87000.0,156600,0
Packaged Food,Kelloggs Chocos - Moons & Stars,66000,40,4,39600,1200,False,1,33000.0,158400,26400
Packaged Food,ITC Master Chef Chicken Galouti Kebab,17000,4,2,16200,210,False,210,77142.85714285714,32400,800
Packaged Food,Yogabar 100% Pure Peanut Butter Creamy & Yummy Unsweetened,22900,10,6,20600,400,False,400,51500.0,123600,2300
Packaged Food,Kitchens Of India Palak Paneer,13000,30,6,9100,285,False,285,31929.82456140351,54600,3900
Packaged Food,Kelloggs Chocos Fills Double Chocolat,9900,11,6,8800,175,False,175,50285.71428571428,52800,1100
Packaged Food,Soulfull Ragi Bites Choco Fills,16900,5,4,16000,250,False,250,64000.0,64000,900
Packaged Food,Figaro Sliced Black Olive ,17900,0,6,17900,450,False,450,39777.77777777778,107400,0
Packaged Food,Veeba Barbeque Sauce,14900,8,6,13700,330,False,330,41515.15151515151,82200,1200
Packaged Food,The Whole Truth Vegan Mocha Almond Fudge Energy Bar No Sugar,6000,20,6,4800,40,False,40,120000.0,28800,1200
Packaged Food,"The Whole Truth - Nuts, Fruits & Seeds Muesli",32500,20,6,26000,350,False,350,74285.71428571429,156000,6500
Packaged Food,Pantai Green Curry Paste,15000,14,5,12800,114,False,114,112280.70175438595,64000,2200
Packaged Food,Kelloggs Special K,21000,8,5,19200,435,False,435,44137.93103448276,96000,1800
Packaged Food,Moi Soi Sichuan Chilli Oil- For Stir Fry Marinade Spread & Dip,28000,50,5,14000,175,False,175,80000.0,70000,14000
Packaged Food,Mother's Recipe Madras Appalam,5000,10,6,4500,100,False,100,45000.0,27000,500
Packaged Food,Top Ramen Masala Oat Masala,8000,10,6,7200,280,False,280,25714.285714285714,43200,800
Packaged Food,Saffola Everyday Peppy Tomato Masala Oats,19500,12,6,17100,500,False,500,34200.0,102600,2400
Packaged Food,"Ching's Secret Instant Noodles, Hot Garlic",6000,0,4,6000,240,False,240,25000.0,24000,0
Packaged Food,Kitchens Of India Chicken Chettinad,20000,30,1,14000,285,False,285,49122.80701754386,14000,6000
Packaged Food,Nestle Cerelac Wheat - Stage 1,19000,0,6,19000,300,False,300,63333.333333333336,114000,0
Packaged Food,Sumeru Aloo Paratha,11900,5,6,11300,400,False,400,28250.0,67800,600
Packaged Food,ITC Master Chef Veggie Pizza Pocket,17000,4,4,16200,340,False,340,47647.05882352941,64800,800
Packaged Food,Wingreens Farms Tangy Cheese Pita Chips & Mexican Salsa Dip,6000,15,1,5100,70,False,70,72857.14285714286,5100,900
Packaged Food,Ching's Secret Manchow Soup,5500,0,3,5500,55,False,55,100000.0,16500,0
Packaged Food,Veeba Carrot & Cucumber Sandwich Spread,8500,10,6,7600,250,False,250,30400.0,45600,900
Packaged Food,Kellogg's Real Almond & Honey Corn Flakes,37000,12,3,32400,650,False,650,49846.153846153844,97200,4600
Packaged Food,Kitchens Of India Mughlai Paneer,16000,30,4,11200,285,False,285,39298.24561403509,44800,4800
Packaged Food,Ching's Secret Just Soak - Veg Hakka Noodles,3000,0,5,3000,150,False,150,20000.0,15000,0
Packaged Food,Ching's Secret Chowmein Hakka Noodles Masala,6000,10,2,5400,100,False,100,54000.0,10800,600
Packaged Food,The Whole Truth Dark Chocolate Peanut Butter - Crunchy,23500,20,5,18800,325,False,325,57846.153846153844,94000,4700
Packaged Food,Mother's Recipe Bhel Puri Chutney,5500,9,4,5000,200,False,200,25000.0,20000,500
Packaged Food,Kelloggs Chocos Moon & Stars,33000,10,6,29400,680,False,680,43235.294117647056,176400,3600
Packaged Food,Mother's Recipe Lime Pickle ,12000,5,1,11400,400,False,400,28500.0,11400,600
Packaged Food,Kitchens of India Dal Makhani,11000,30,2,7700,285,False,285,27017.543859649122,15400,3300
Packaged Food,Pantai Light Soy Sauce,27500,14,5,23400,200,False,200,117000.0,117000,4100
Packaged Food,Ching's Secret Sweet Corn Soup,5500,0,6,5500,55,False,55,100000.0,33000,0
Packaged Food,"Top Ramen Noodles, Atta",8000,0,1,8000,280,False,280,28571.428571428572,8000,0
Packaged Food,Cantina Tortilla Dip Sauce Sour Creamy Tex Mex,22500,15,5,19100,190,False,190,100526.31578947368,95500,3400
Packaged Food,Dabur Hommade - Rajasthan Ki Garlic Chutne,6500,6,6,6100,200,False,200,30500.0,36600,400
Packaged Food,MTR Seviyan Vermicelli ,4200,0,2,4200,400,False,400,10500.0,8400,0
Packaged Food,Pantai Oyster Sauce,27500,14,4,23400,200,False,200,117000.0,93600,4100
Packaged Food,Go Cheese Spread - Four Pepper (Soft & Creamy),9900,5,6,9400,200,False,200,47000.0,56400,500
Packaged Food,MTR Ready To Eat Paneer Butter Masala,13500,9,2,12200,300,False,300,40666.666666666664,24400,1300
Packaged Food,Nestle Lactogen Stage 2 Follow-up Formula Powder,34000,0,2,34000,400,False,400,85000.0,68000,0
Packaged Food,Kellogg's Crunchy Bites Chocos,19000,10,6,17100,375,False,375,45600.0,102600,1900
Packaged Food,Veeba Hot Sweet Tomato Chilli Sauce,10400,20,3,8300,500,False,500,16600.0,24900,2100
Packaged Food,Borges Durum Wheat Pasta Superior Quality,25000,40,6,14900,500,False,500,29800.0,89400,10100
Packaged Food,Funfoods Peanut Butter Crunchy,16900,7,1,15600,400,False,400,39000.0,15600,1300
Packaged Food,Pantai Red Curry Paste,6000,0,4,6000,50,False,50,120000.0,24000,0
Packaged Food,ITC Master Chef Chicken Seekh Kabab,32500,0,6,32500,500,False,500,65000.0,195000,0
Packaged Food,Del Monte Pizza & Pasta Sauce Spout Pack,9900,0,3,9900,400,False,400,24750.0,29700,0
Packaged Food,Pantai Sriracha Red Chilli Sauce,22500,15,6,19100,200,False,200,95500.0,114600,3400
Packaged Food,Hershey's Cocoa Spread,29500,0,3,29500,350,False,350,84285.71428571429,88500,0
Packaged Food,Maggi Ghee Tadka Upma Express Pouch,2500,0,6,2500,65,False,65,38461.53846153846,15000,0
Packaged Food,Ching's Secret Manchurian Noodles,9100,0,5,9100,360,False,360,25277.777777777777,45500,0
Packaged Food,Kellogg's All Bran Wheat Flakes,22000,6,5,20500,425,False,425,48235.294117647056,102500,1500
Packaged Food,Yummiez Chicken Breakfast Sausages,15000,0,3,15000,250,False,250,60000.0,45000,0
Packaged Food,Pantai Red Curry Paste,15000,14,3,12800,114,False,114,112280.70175438595,38400,2200
Packaged Food,Bagrrys Muesli Crunchy Fruit & Nut With Cranberries,33000,10,6,29700,400,False,400,74250.0,178200,3300
Packaged Food,Quaker Oats Pouch,27600,10,6,24800,1500,False,1,16533.333333333336,148800,2800
Packaged Food,Prasuma Momos -  Cheesy Spicy Veg,29500,0,6,29500,24,False,24,1229166.6666666667,177000,0
Packaged Food,Veeba Sriracha Chilli Garlic Sauce,14900,8,5,13700,320,False,320,42812.5,68500,1200
Packaged Food,Ching's Secret Just Soak - Veg Hakka Noodles,11500,0,6,11500,600,False,600,19166.666666666668,69000,0
Packaged Food,Moi Soi Kung Pao Sauce - For Stir Fry Marinade Spread & Dip,28000,50,5,14000,175,False,175,80000.0,70000,14000
Packaged Food,Figaro Plain Green Olive ,17900,0,6,17900,450,False,450,39777.77777777778,107400,0
Packaged Food,Mother's Recipe Gujrati Gorkeri Pickle,14000,10,3,12600,500,False,500,25200.0,37800,1400
Packaged Food,Kellogg's Muesli 20% Nuts Delight,32000,0,6,32000,500,False,500,64000.0,192000,0
Packaged Food,Borges Farfalle Durum Wheat Pasta ,25000,0,5,25000,500,False,500,50000.0,125000,0
Packaged Food,Kellogg's Chocos,29900,10,4,26900,700,False,700,38428.57142857143,107600,3000
Packaged Food,Nestle Nan Pro 4 Follow Up Formula Powder For Older Infants ,62000,0,1,62000,400,False,400,155000.0,62000,0
Packaged Food,Veeba Truly Tomato Ketchup,9900,20,6,7900,500,False,500,15800.0,47400,2000
Packaged Food,Ching's Secret Green Chilli Sauce,8500,4,1,8100,680,False,680,11911.764705882353,8100,400
Packaged Food,MTR Roasted Vermicelli ,5500,0,1,5500,400,False,400,13750.0,5500,0
Packaged Food,Mother's Recipe Punjabi Teekha Mang Pickle,12000,10,4,10800,400,False,400,27000.0,43200,1200
Packaged Food,Ching's Secret Hot Garlic Instant Noodles,11400,0,6,11400,480,False,480,23750.0,68400,0
Packaged Food,Kellogg's Real Honey Corn Flakes,29000,7,5,26700,630,False,630,42380.95238095238,133500,2300
Packaged Food,ITC Master Chef Lebanese Falafel Kebab,13000,4,4,12400,230,False,230,53913.043478260865,49600,600
Packaged Food,Kelloggs Chocos Fills Double Chocolaty,18500,10,5,16500,250,False,250,66000.0,82500,2000
Packaged Food,Organic India Apple Cider Vinegar,59500,9,2,53600,500,False,500,107200.0,107200,5900
Packaged Food,Masala Oats Masala & Coriander ,19500,9,5,17600,500,False,500,35200.0,88000,1900
Packaged Food,Ching's Secret  Noodles - Pad Thai Lemongras,20000,0,5,20000,130,False,130,153846.15384615384,100000,0
Packaged Food,Bagrrys Fruit and Nut Muesli with Cranberries,49900,0,5,49900,750,False,750,66533.33333333333,249500,0
Packaged Food,Kitchens Of India Yellow Dal Tadka,11000,30,6,7700,285,False,285,27017.543859649122,46200,3300
Packaged Food,Soulfull Vanilla Fills - Ragi Bites,16900,5,6,16000,250,False,250,64000.0,96000,900
Packaged Food,Pantai Teriyaki Sauce with Garlic,32500,15,6,27600,200,False,200,138000.0,165600,4900
Packaged Food,Whiskas Adult Pocket Tuna Cat Food,41000,0,1,41000,1200,False,1,34166.666666666664,41000,0
Packaged Food,Kitchens Of India Chicken Darbari ,20000,30,4,14000,285,False,285,49122.80701754386,56000,6000
Packaged Food,Soulfull Millet Muesli Fruit & Nut Almonds & Real Fruits,29900,10,6,26900,400,False,400,67250.0,161400,3000
Packaged Food,Smith & Jones Red Pasta Sauce Mix,4000,0,6,4000,46,False,46,86956.52173913043,24000,0
Packaged Food,Kellogg's Muesli Nuts Delight,42500,9,3,38300,750,False,750,51066.66666666667,114900,4200
Packaged Food,Kitchens of India Dal Bukhara Gravy Mix,11000,30,6,7700,285,False,285,27017.543859649122,46200,3300
Packaged Food,The Whole Truth Peanut Butter - Sweetened & Crunchy,21500,20,6,17200,325,False,325,52923.07692307692,103200,4300
Packaged Food,Remia Mayonnaise,23000,0,6,23000,241,False,241,95435.6846473029,138000,0
Packaged Food,Ching's Secret Green Chilli Sauce,10500,0,6,10500,425,False,425,24705.88235294118,63000,0
Packaged Food,Bagrrys Fruit N Fibre Muesli - Strawberry,59500,0,1,59500,1000,False,1,59500.0,59500,0
Packaged Food,Ching's Secret Tomato Oats Instant Soup,1500,0,3,1500,20,False,20,75000.0,4500,0
Packaged Food,Kellogg's Special K Original Corn Flakes,14000,5,1,13300,290,False,290,45862.06896551724,13300,700
Packaged Food,Moi Soi  Black Bean Sauce - Dip Spread Stir Fry & Marinade,28000,50,5,14000,175,False,175,80000.0,70000,14000
Packaged Food,Tong Garden Wasabi Green Peas,17500,4,6,16700,150,False,150,111333.33333333333,100200,800
Packaged Food,Ching's Secret Red Chilli Sauce,10500,0,4,10500,440,False,440,23863.636363636364,42000,0
Packaged Food,Ching's Instant Hot and Sour Soup,5500,0,5,5500,55,False,55,100000.0,27500,0
Packaged Food,Ching's Secret Noodles - Pad Thai Original,20000,0,6,20000,130,False,130,153846.15384615384,120000,0
Packaged Food,Aashirvaad Instant Meals - Khatta Meetha Pohaa With Millets,5500,30,5,3800,80,False,80,47500.0,19000,1700
Packaged Food,Del Monte Black Sliced Olives,25000,0,1,25000,450,False,450,55555.555555555555,25000,0
Packaged Food,Kitchens Of India Murgh Methi,22000,30,5,15400,285,False,285,54035.087719298244,77000,6600
Packaged Food,Nestle Cerelac 5 Grains & Fruits Cereal,28800,0,6,28800,300,False,300,96000.0,172800,0
Packaged Food,The Whole Truth - 5 Grain Muesli No Added Sugar,32500,20,6,26000,350,False,350,74285.71428571429,156000,6500
Packaged Food,Ching's Secret  Pad Thai Noodles Green Curry,20000,0,6,20000,130,False,130,153846.15384615384,120000,0
Packaged Food,Aashirvaad Suji Halwa With Jaggery,7500,0,6,7500,70,False,70,107142.85714285714,45000,0
Packaged Food,Mother's Recipe Mango Pickle ,12000,0,1,12000,400,False,400,30000.0,12000,0
Packaged Food,Ching's Secret Pad Thai Noodles - Extra Hot Thai Chilli,20000,0,6,20000,130,False,130,153846.15384615384,120000,0
Packaged Food,Kellogg's Special K Original Corn Flakes,39900,11,6,35500,900,False,900,39444.444444444445,213000,4400
Packaged Food,Knorr Sweet Corn Chicken Soup,5500,0,2,5500,42,False,42,130952.38095238096,11000,0
Packaged Food,Ching's Secret Tomato Soup,5500,0,6,5500,55,False,55,100000.0,33000,0
Packaged Food,Funfoods Peanut Butter Creamy,16900,0,1,16900,400,False,400,42250.0,16900,0
Packaged Food,Japanese Choice Udon Noodles,29500,9,6,26600,250,False,250,106400.0,159600,2900
Packaged Food,Kelloggs Muesli - With 22% Fruit Magic,32000,10,5,28800,500,False,500,57600.0,144000,3200
Packaged Food,Dabur Hommade - Kalonji Tamatar Ki Chutney,6500,6,6,6100,200,False,200,30500.0,36600,400
Packaged Food,Kitchens Of India Dal Makhani,11000,30,1,7700,285,False,285,27017.543859649122,7700,3300
Packaged Food,Aashirvaad Suji Halwa With Jaggery,5500,30,6,3800,80,False,80,47500.0,22800,1700
Packaged Food,Del Monte Green Chili Sauce,5500,0,3,5500,190,False,190,28947.36842105263,16500,0
Packaged Food,Pedigree Dog Food Adult Chicken & Veg,66000,10,1,59400,3000,False,3,19800.0,59400,6600
Packaged Food,Kellogg's Original Corn Flakes,18500,5,6,17500,475,False,475,36842.1052631579,105000,1000
Packaged Food,Pedigree Puppy Dry Dog Food Food Chicken & Milk,69000,6,2,64800,3000,False,3,21600.0,129600,4200
Packaged Food,Kitchens Of India Rajma Masala,11000,30,5,7700,285,False,285,27017.543859649122,38500,3300
Packaged Food,Kitchen Of India Ready-To-Eat Pindi Channa,11000,30,2,7700,285,False,285,27017.543859649122,15400,3300
Packaged Food,Figaro Pitted Black Olive ,17900,0,6,17900,450,False,450,39777.77777777778,107400,0
Packaged Food,Cantina Tabasco Red Sauce,14000,15,6,11900,60,False,60,198333.33333333334,71400,2100
Packaged Food,Mother's Recipe Pickle - Mixed,14900,26,6,10900,500,False,500,21800.0,65400,4000
Packaged Food,Nestle Cerelac Baby Cereal with Milk 5 Grains & Vegetables from 18 to 24 Month,27900,0,5,27900,300,False,300,93000.0,139500,0
Packaged Food,Mother's Recipe Tamarind Paste,5000,2,2,4900,200,False,200,24500.0,9800,100
Packaged Food,Pedigree Meat Jerky Adult Dog Treat Barbecued Chicken,14000,20,6,11200,80,False,80,140000.0,67200,2800
Packaged Food,Veeba Peri Peri Sauce,16100,0,6,16100,300,False,300,53666.666666666664,96600,0
Packaged Food,Pantai Sriracha Yellow Chilli Sauce,22500,15,6,19100,200,False,200,95500.0,114600,3400
Packaged Food,Praakritik Organic Jumbo Rolled Oats,19000,11,6,16900,500,False,500,33800.0,101400,2100
Packaged Food,Ching's Secret Just Soak - Whole Wheat Veg Hakka Noodles,12300,0,6,12300,600,False,600,20500.0,73800,0
Packaged Food,Pantai Spring Roll Sauce,27500,10,6,24500,200,False,200,122500.0,147000,3000
Packaged Food,MTR Vermicelli Payasam,7500,0,6,7500,180,False,180,41666.666666666664,45000,0
Packaged Food,Bagrrys Corn Flakes,35000,0,6,35000,880,False,800,39772.72727272727,210000,0
Packaged Food,MTR Ready To Eat Palak Paneer ,13500,11,6,12000,300,False,300,40000.0,72000,1500
Packaged Food,Del Monte Red Chili Sauce,5500,0,5,5500,190,False,190,28947.36842105263,27500,0
Packaged Food,Kitchens of India Mutter Paneer Mix,12000,30,4,8400,285,False,285,29473.684210526317,33600,3600
Packaged Food,Pantai Green Curry Paste,6000,6,6,5600,50,False,50,112000.0,33600,400
Packaged Food,The Laughing Cow Cheese Spread Plain,11000,0,6,11000,180,False,180,61111.11111111112,66000,0
Packaged Food,MTR Dal Fry,11000,0,5,11000,300,False,300,36666.666666666664,55000,0
Packaged Food,Pantai Fish Sauce,27500,14,6,23400,200,False,200,117000.0,140400,4100
Packaged Food,Cantina Beans Mexican Beans,25000,14,6,21300,410,False,410,51951.21951219512,127800,3700
Packaged Food,Ching's Secret Manchurian Instant Noodle,11400,0,6,11400,480,False,480,23750.0,68400,0
Packaged Food,Remia Salad Italian Dressing ,23000,0,6,23000,250,False,250,92000.0,138000,0
Packaged Food,Yummiez Veg Cheese Fingers Pouch,23000,0,4,23000,400,False,400,57500.0,92000,0
Packaged Food,MTR Dal Makhani,11000,0,4,11000,300,False,300,36666.666666666664,44000,0
Packaged Food,MTR Ready to Eat Pav Bhaji,11000,0,6,11000,300,False,300,36666.666666666664,66000,0
Packaged Food,Weikfield Tomato Salsa Instant Pasta,2500,0,1,2500,77,False,77,32467.532467532466,2500,0
Packaged Food,Nestlé CERELAC Baby Cereal with Milk,27200,0,1,27200,300,False,300,90666.66666666667,27200,0
Packaged Food,Remia Salad Caesar Dressing,25000,0,6,25000,250,False,250,100000.0,150000,0
Packaged Food,Bagrrys Fruit N Fibre Muesli Mixed Fruit,33000,0,6,33000,500,False,500,66000.0,198000,0
Packaged Food,MTR Paneer Butter Masala & Veg Pulao,17500,9,4,15800,375,False,375,42133.333333333336,63200,1700
Packaged Food,Sundrop Cocoa Nut Hazelnut Chocolatey Spread,12000,0,6,12000,160,False,160,75000.0,72000,0
Packaged Food,Moi Soi Manchurian Sauce - For Stir Fry Marinade Spread & Dip,28000,50,6,14000,175,False,175,80000.0,84000,14000
Packaged Food,Pedigree Dog Food Adult Meat & Rice,66000,7,2,60800,3000,False,3,20266.666666666664,121600,5200
Packaged Food,Pantai Sriracha Green Chilli Sauce,22500,15,6,19100,200,False,200,95500.0,114600,3400
Packaged Food,Pantai Chilli Garlic Sauce,27500,14,6,23400,200,False,200,117000.0,140400,4100
Packaged Food,Pantai Dark Soy Sauce,27500,14,6,23400,200,False,200,117000.0,140400,4100
Packaged Food,Yoga Bar Peanut Butter Dark Chocolate Jar,24900,0,4,24900,400,False,400,62250.0,99600,0
Packaged Food,Cantina Tabasco Green Sauce,14000,15,6,11900,60,False,60,198333.33333333334,71400,2100
Packaged Food,Pantai Pad Thai Sauce (Non-Veg),32500,9,5,29300,200,False,200,146500.0,146500,3200
Packaged Food,Pantai Sweet Chilli Sauce,27500,14,6,23400,200,False,200,117000.0,140400,4100
Packaged Food,Ching's Secret Schezwan Instant Noodle,11400,0,6,11400,480,False,480,23750.0,68400,0
Packaged Food,Yummiez Chicken Garlic Fingers Pouch,25000,0,5,25000,400,False,400,62500.0,125000,0
Packaged Food,Pediasure Premium Chocolate Powdered Health Drink,61000,0,2,61000,400,False,400,152500.0,122000,0
Packaged Food,Chings Secret Hot Garlic Instant Noodles,9100,0,6,9100,60,False,60,151666.66666666666,54600,0
Packaged Food,Godrej Yummiez Cheese Corn Nuggets ,23000,0,4,23000,400,False,400,57500.0,92000,0
Packaged Food,Pantai Hot Chilli Sauce,27500,14,6,23400,200,False,200,117000.0,140400,4100
Packaged Food,Knorr International Mexican Tomato Corn Soup ,6500,6,3,6100,52,False,52,117307.69230769231,18300,400
Packaged Food,Bagrry's Fruit Fibre Muesli Mixed Fruit ,59500,0,5,59500,1000,False,1,59500.0,297500,0
Packaged Food,MTR Roasted Vermicelli ,10500,0,4,10500,850,False,850,12352.94117647059,42000,0
Packaged Food,Maggi 2-Minute Instant Noodles - Masala,4400,0,0,4400,280,True,280,15714.285714285714,0,0
Packaged Food,"Kurkure Green Chutney, Rajasthani Style",2000,0,0,2000,90,True,90,22222.222222222223,0,0
Packaged Food,Kellogg's Chocos Combo Pack,6000,6,0,5600,156,True,156,35897.4358974359,0,400
Packaged Food,Kissan Mixed Fruit Jam ,15500,0,0,15500,500,True,500,31000.0,0,0
Packaged Food,Lijjat Urad Papad,6000,5,0,5700,200,True,200,28500.0,0,300
Packaged Food,Amul Cheese Spread Yummy Plain,8500,0,0,8500,200,True,200,42500.0,0,0
Packaged Food,Mother's Recipe Ginger And Garlic Paste,5000,24,0,3800,200,True,200,19000.0,0,1200
Packaged Food,Maggi Magic Cubes Chicken,4000,2,0,3900,40,True,40,97500.0,0,100
Packaged Food,Pedigree Puppy Chicken Chunks in Gravy ,3500,2,0,3400,70,True,70,48571.42857142857,0,100
Packaged Food,The Whole Truth Peanut Butter - Unsweetened & Crunchy,18500,20,0,14800,325,True,325,45538.46153846154,0,3700
Packaged Food,Ching's Chow Mein Hakka Noodles Masala,1000,0,0,1000,20,True,20,50000.0,0,0
Packaged Food,Safal Frozen Mixed Vegetables,6000,5,0,5700,500,True,500,11400.0,0,300
Packaged Food,Safal Frozen Corn,4100,4,0,3900,200,True,200,19500.0,0,200
Packaged Food,Amul Cheese Spread Spicy Garlic,8500,3,0,8200,200,True,200,41000.0,0,300
Packaged Food,Ching's Secret Veg Hakka Noodles,10700,0,0,10700,600,True,600,17833.333333333332,0,0
Packaged Food,Saffola Oats 100 % Natural,1500,0,0,1500,38,True,38,39473.68421052631,0,0
Packaged Food,Lijjat Moong Papad,6000,5,0,5700,200,True,200,28500.0,0,300
Packaged Food,Mothers Recipe Papad - Sabudana With Rock Salt,3100,9,0,2800,70,True,70,40000.0,0,300
Packaged Food,Maggi Chilly Chow Cuppa Noodles,5000,0,0,5000,70,True,70,71428.57142857143,0,0
Packaged Food,Veeba Favourites Eggless Burger Mayonnaise,6900,8,0,6300,250,True,250,25200.0,0,600
Packaged Food,Sunfeast Yippee! Magic Masala Noodles,4800,6,0,4500,240,True,240,18750.0,0,300
Packaged Food,Top Ramen Masala,9100,9,0,8200,560,True,560,14642.857142857143,0,900
Packaged Food,Kelloggs Corn Flakes With Real Strawberry Pure,26500,10,0,23600,575,True,575,41043.47826086956,0,2900
Packaged Food,Mother's Recipe Potato Papad,3100,9,0,2800,70,True,75,40000.0,0,300
Packaged Food,Mothers Recipe Rice Papad Ajwain,2400,0,0,2400,75,True,75,32000.0,0,0
Packaged Food,Chef's Basket Durum Wheat Penne Pasta,16000,50,0,8000,500,True,500,16000.0,0,8000
Packaged Food,Dabur Hommade - Imli Sauce Saunth,2000,10,0,1800,100,True,100,18000.0,0,200
Packaged Food,Zorabian Chicken Kheema Parathas,19000,0,0,19000,300,True,300,63333.333333333336,0,0
Packaged Food,Sunfeast Pasta Treat Pack of Tomato Cheese,2800,17,0,2300,65,True,65,35384.61538461539,0,500
Packaged Food,Safal Frozen - Sweet Corn,16000,5,0,15200,1000,True,1,15200.0,0,800
Packaged Food,MTR Vegetable Upma,2500,0,0,2500,60,True,60,41666.666666666664,0,0
Packaged Food,Del Monte Original Blend Tomato Ketchup Pouch,12000,7,0,11100,950,True,950,11684.21052631579,0,900
Packaged Food,Del Monte Natural Vinegar ,5500,3,0,5300,180,True,180,29444.44444444444,0,200
Packaged Food,Del Monte Eggless Mayo,13500,6,0,12600,500,True,500,25200.0,0,900
Packaged Food,ITC Master Chef Cheesy Corn Triangles,16000,5,0,15200,320,True,320,47500.0,0,800
Packaged Food,Mother's Recipe Mixed Pickle ,11500,4,0,11000,400,True,400,27500.0,0,500
Packaged Food,Godrej Yummiez Chicken Breakfast Salami,15000,4,0,14300,250,True,250,57200.0,0,700
Packaged Food,Hershey's Cocoa + Almond Spread,29500,9,0,26600,350,True,350,76000.0,0,2900
Packaged Food,Maggi Special Masala Spicy Yummy Noodles,7200,0,0,7200,280,True,280,25714.285714285714,0,0
Packaged Food,Del Monte Schezwan Sauce,5500,0,0,5500,190,True,190,28947.36842105263,0,0
Packaged Food,Yummiez Green Peas,13500,0,0,13500,500,True,500,27000.0,0,0
Packaged Food,Yummiez Green Peas,25000,0,0,25000,1000,True,1,25000.0,0,0
Packaged Food,Yummiez American Sweet Corn,8500,0,0,8500,400,True,400,21250.0,0,0
Packaged Food,Dr Oetker Cucumber & Carrot Sandwich Spread Veg,7900,0,0,7900,250,True,250,31600.0,0,0
Packaged Food,Del Monte Pitted Green Olives,25000,0,0,25000,450,True,450,55555.555555555555,0,0
Ice Cream & Desserts,Maggi 2 Minute Masala Noodles,1200,0,6,1200,70,False,70,17142.85714285714,7200,0
Ice Cream & Desserts,iD Idli & Dosa Batter ,8000,15,6,6800,1000,False,1,6800.0,40800,1200
Ice Cream & Desserts,iD Malabar Parota ,8000,10,4,7200,400,False,400,18000.0,28800,800
Ice Cream & Desserts,iD Wheat Lachha Paratha,8000,12,6,7000,400,False,400,17500.0,42000,1000
Ice Cream & Desserts,McCain Aloo Tikki,11000,4,6,10500,400,False,400,26250.0,63000,500
Ice Cream & Desserts,McCain Smiles Cripsy Happy Potatoes,12000,5,6,11400,415,False,415,27469.87951807229,68400,600
Ice Cream & Desserts,McCain Veggie Burger Patty,11500,3,6,11100,360,False,360,30833.333333333332,66600,400
Ice Cream & Desserts,McCain Veggie Fingers,11700,5,6,11100,400,False,400,27750.0,66600,600
Ice Cream & Desserts,Amul Delicious Fat Spread - Cholesterol Free,1800,5,6,1700,100,False,100,17000.0,10200,100
Ice Cream & Desserts,Whiskas Wet  Meal (Adult - Cat Food)  Chicken in Gravy,3500,2,2,3400,85,False,85,40000.0,6800,100
Ice Cream & Desserts,McCain Chilli Garlic Potato Bites Crunchy Potato Nuggets,12500,5,1,11800,420,False,420,28095.238095238095,11800,700
Ice Cream & Desserts,Ching's Secret Instant Hot Garlic Noodles,1500,0,3,1500,60,False,60,25000.0,4500,0
Ice Cream & Desserts,Veeba Eggless Mayonnaise,7900,11,5,7000,250,False,250,28000.0,35000,900
Ice Cream & Desserts,Ching's Secret Instant Schezwan Noodles,1500,0,6,1500,60,False,60,25000.0,9000,0
Ice Cream & Desserts,Veeba Pasta And Pizza Sauce,7500,13,5,6500,280,False,280,23214.285714285714,32500,1000
Ice Cream & Desserts,Top Ramen  Noodles Curry Veg Pouch,2000,0,1,2000,70,False,70,28571.428571428572,2000,0
Ice Cream & Desserts,Saffola Veggie Twist Masala Oats,1500,0,6,1500,38,False,38,39473.68421052631,9000,0
Ice Cream & Desserts,Unibic Almond & Oats Protein Bar,4000,17,4,3300,30,False,30,110000.0,13200,700
Ice Cream & Desserts,Quaker Oats,7900,0,2,7900,400,False,400,19750.0,15800,0
Ice Cream & Desserts,Amul Delicious Fat Spread - Cholesterol Free,8800,2,2,8600,500,False,500,17200.0,17200,200
Ice Cream & Desserts,McCain French Fries,12000,5,1,11400,420,False,420,27142.85714285714,11400,600
Ice Cream & Desserts,Ching's Secret Manchow Instant Soup,1000,0,1,1000,15,False,15,66666.66666666667,1000,0
Ice Cream & Desserts,McCain Potato Cheese Shotz,13000,4,6,12400,250,False,250,49600.0,74400,600
Ice Cream & Desserts,McCain Masala - Fries,12000,5,3,11400,375,False,375,30400.0,34200,600
Ice Cream & Desserts,Ching's Secret Schezwan Fried Rice Masala,1500,0,6,1500,20,False,20,75000.0,9000,0
Ice Cream & Desserts,McCain New Mini Samosa with Cheese Pizza Style Filling,12000,1,3,11800,240,False,240,49166.666666666664,35400,200
Ice Cream & Desserts,McCain Chilli Cheesy Nuggets,13000,4,1,12400,250,False,250,49600.0,12400,600
Ice Cream & Desserts,"Whiskas Adult (+1 Year) Dry Cat Food, Ocean Fish Flavour",43000,10,6,38700,1200,False,1,32250.0,232200,4300
Ice Cream & Desserts,Chings Instant Soup - Hot & Sour,1000,0,1,1000,15,False,15,66666.66666666667,1000,0
Ice Cream & Desserts,Amul Spray Infant Milk Food,19700,2,6,19300,500,False,500,38600.0,115800,400
Ice Cream & Desserts,McCain Smiles - Pudina Chatka,12000,5,3,11400,375,False,375,30400.0,34200,600
Ice Cream & Desserts,McCain French Fries Crisp & Delicious,17500,4,3,16700,750,False,750,22266.666666666664,50100,800
Ice Cream & Desserts,Ferrero Nutella Hazelnut Spread,22000,5,2,20700,180,False,180,115000.0,41400,1300
Ice Cream & Desserts,Lijjat Garlic Papad,6000,5,5,5700,200,False,200,28500.0,28500,300
Ice Cream & Desserts,Switz Samosa Dough Sheets,9000,4,6,8600,50,False,50,172000.0,51600,400
Ice Cream & Desserts,Amul Cheese Spread Creamy,8500,5,6,8000,180,False,180,44444.444444444445,48000,500
Ice Cream & Desserts,Maggi Imli Sauce Pichkoo,2200,0,6,2200,90,False,90,24444.44444444444,13200,0
Ice Cream & Desserts,Whiskas Kitten (2-12 months) Dry Cat Food Food Ocean Fish,38500,9,5,34700,1100,False,1100,31545.454545454548,173500,3800
Ice Cream & Desserts,Chings Instant Soup - Sweet Corn Veg,1000,0,2,1000,15,False,15,66666.66666666667,2000,0
Ice Cream & Desserts,Whiskas Wet  Meal (Kitten - Cat Food)  Chicken in Gravy,3500,5,2,3300,85,False,85,38823.529411764706,6600,200
Ice Cream & Desserts,McCain Crazy Fries Masala MixHot 'n' Tangy,12000,5,6,11400,400,False,400,28500.0,68400,600
Ice Cream & Desserts,The Whole Truth Double Cocoa Protein Bar No Sugar,10000,10,6,9000,52,False,52,173076.92307692306,54000,1000
Ice Cream & Desserts,Amul Happy Treats French Fries,6800,4,1,6500,425,False,425,15294.117647058823,6500,300
Ice Cream & Desserts,Ferrero Nutella Hazeulnut Spread,38000,6,5,35700,350,False,350,102000.0,178500,2300
Ice Cream & Desserts,Veeba Chipolte Southwest Dressing,16100,7,4,14900,300,False,300,49666.666666666664,59600,1200
Ice Cream & Desserts,Ching's Secret Manchow Noodles Instant Soup,1500,0,6,1500,20,False,20,75000.0,9000,0
Ice Cream & Desserts,Yoga Bar Breakfast Protein Bar - Blueberry Pie,5000,12,1,4400,50,False,50,88000.0,4400,600
Ice Cream & Desserts,Quaker Oats,19900,7,6,18400,1000,False,1,18400.0,110400,1500
Ice Cream & Desserts,The Whole Truth Mini Protein Bar - Coconut Cocoa No Added Sugar,5500,25,6,4100,27,False,27,151851.85185185185,24600,1400
Ice Cream & Desserts,Switz Spring Roll Dough Sheets,9000,4,6,8600,1160,False,20,7413.793103448275,51600,400
Ice Cream & Desserts,Unibic Fruit & Nut Real Cranberries & Almonds Protein Bar,4000,17,6,3300,30,False,30,110000.0,19800,700
Ice Cream & Desserts,Ching's Secret Tomato Instant Soup,1000,0,1,1000,16,False,15,62500.0,1000,0
Ice Cream & Desserts,Chef's Basket Durum Wheat Elbow Pasta,16000,50,6,8000,500,False,500,16000.0,48000,8000
Ice Cream & Desserts,Sunfeast Yippee! Mood Masala Noodles,6000,28,3,4300,260,False,260,16538.46153846154,12900,1700
Ice Cream & Desserts,MTR Breakfast Khatta Meetha Poha Mix,2500,20,6,2000,60,False,60,33333.333333333336,12000,500
Ice Cream & Desserts,Kellogg's Crunchy Fruit & Nut Breakfast Cereals Muesli,44500,9,6,40100,750,False,750,53466.66666666667,240600,4400
Ice Cream & Desserts,Ching's Secret Chilli Vinegar,5000,0,4,5000,170,False,170,29411.764705882353,20000,0
Ice Cream & Desserts,Ching's Red Chilli Sauce,5500,0,6,5500,200,False,200,27500.0,33000,0
Ice Cream & Desserts,Amul Lite Spread,4000,2,5,3900,100,False,100,39000.0,19500,100
Ice Cream & Desserts,Borges Durum Wheat Fusilli Pasta ,25000,0,3,25000,500,False,500,50000.0,75000,0
Ice Cream & Desserts,The Whole Truth Cranberry Mini Protein Bar No Sugar,5500,20,6,4400,27,False,27,162962.96296296295,26400,1100
Ice Cream & Desserts,The Whole Truth Mini Protein Bar - Coffee Cocoa No Added Sugar,5500,20,6,4400,27,False,27,162962.96296296295,26400,1100
Ice Cream & Desserts,Maggi Hot & Sweet Tomato Chilli Sauce,11500,0,1,11500,500,False,500,23000.0,11500,0
Ice Cream & Desserts,Sunfeast YiPPee! Noodles - Magic Masala,9600,5,4,9100,540,False,540,16851.85185185185,36400,500
Ice Cream & Desserts,Chef's Basket Durum Wheat Fusilli Pasta,16000,50,6,8000,500,False,500,16000.0,48000,8000
Ice Cream & Desserts,Top Ramen Chicken Noodles,6000,10,1,5400,280,False,280,19285.714285714286,5400,600
Ice Cream & Desserts,Veeba Cheese and Chilli Sandwich Spread,8900,11,6,7900,275,False,275,28727.272727272728,47400,1000
Ice Cream & Desserts,Ching’s Secret Chowmein Hakka Noodles Masala ,4400,0,2,4400,60,False,60,73333.33333333333,8800,0
Ice Cream & Desserts,Safal Frozen - Mixed Vegetables,11000,4,2,10500,1000,False,1,10500.0,21000,500
Ice Cream & Desserts,MTR 3 Min Poha,2500,0,6,2500,60,False,60,41666.666666666664,15000,0
Ice Cream & Desserts,Ching's Manchurian Instant Noodles,1500,0,5,1500,60,False,60,25000.0,7500,0
Ice Cream & Desserts,The Whole Truth Peanut Cocoa Mini Protein Bar No Sugar ,5500,25,6,4100,27,False,27,151851.85185185185,24600,1400
Ice Cream & Desserts,Gits Pav Bhaji Ready to Eat,11000,22,6,8500,300,False,300,28333.333333333332,51000,2500
Ice Cream & Desserts,McCain New Mini Samosa with Cheese Corn Style Filling,12000,1,2,11800,240,False,240,49166.666666666664,23600,200
Ice Cream & Desserts,Lijjat Udad Mini Papad,6000,6,6,5600,200,False,200,28000.0,33600,400
Ice Cream & Desserts,McCain Herb & Garlic Crazy Fries Masala Mix ,12000,5,5,11400,400,False,400,28500.0,57000,600
Ice Cream & Desserts,Yoga Bar Multigrain Energy Bar Nuts And Seeds,4000,12,4,3500,38,False,38,92105.26315789473,14000,500
Ice Cream & Desserts,"Ching's Secret Sauce, Green Chilli",5500,0,5,5500,190,False,190,28947.36842105263,27500,0
Ice Cream & Desserts,Veeba Pizza Topping,7500,6,4,7000,280,False,280,25000.0,28000,500
Ice Cream & Desserts,Switz Paratha Puff,11000,4,6,10500,400,False,400,26250.0,63000,500
Ice Cream & Desserts,"New Kellogg's Muesli with 21% Fruit, Nut & Seeds",32500,6,6,30500,500,False,500,61000.0,183000,2000
Ice Cream & Desserts,The Whole Truth Double Cocoa Mini Protein Bar No Sugar,5500,20,5,4400,27,False,27,162962.96296296295,22000,1100
Ice Cream & Desserts,Sunfeast Yippee Tricolor Pasta Seasoning,2800,17,1,2300,65,False,65,35384.61538461539,2300,500
Ice Cream & Desserts,Wingreens Cheesy Chipotle Sauce,9900,49,1,5000,130,False,130,38461.53846153846,5000,4900
Ice Cream & Desserts,Maggi Rich Tomato Ketchup,10500,4,2,10000,500,False,500,20000.0,20000,500
Ice Cream & Desserts,The Whole Truth Dark Chocolate Peanut Butter - Creamy,23500,25,6,17400,325,False,325,53538.46153846154,104400,6100
Ice Cream & Desserts,Godrej Yummiez Chicken Nuggets,32500,9,1,29300,500,False,500,58600.0,29300,3200
Ice Cream & Desserts,Go Cheese  Spread Plain,9900,5,6,9400,200,False,200,47000.0,56400,500
Ice Cream & Desserts,Kellogg's Real Almond & Honey Corn Flakes,17500,9,6,15800,300,False,300,52666.666666666664,94800,1700
Ice Cream & Desserts,The Whole Truth Vegan Almond Choco Fudge Energy Bar No Sugar,6000,20,6,4800,40,False,40,120000.0,28800,1200
Ice Cream & Desserts,Prasuma Vegetable Momos,27000,0,5,27000,24,False,24,1125000.0,135000,0
Ice Cream & Desserts,MTR Upma,5000,10,6,4500,160,False,160,28125.0,27000,500
Ice Cream & Desserts,Ching's Schezwan Masala Instant Noodles,6000,0,1,6000,240,False,240,25000.0,6000,0
Ice Cream & Desserts,The Whole Truth Cranberry Protein Bar No Sugar,10000,26,6,7400,52,False,52,142307.6923076923,44400,2600
Ice Cream & Desserts,Saffola Yummy Masala Noodles ,2000,0,2,2000,46,False,46,43478.260869565216,4000,0
Ice Cream & Desserts,Veeba English Mustard,7400,6,2,6900,300,False,300,23000.0,13800,500
Ice Cream & Desserts,Dabur Hommade Tamarind Paste,4800,6,6,4500,200,False,200,22500.0,27000,300
Ice Cream & Desserts,Yoga Bar Breakfast Muesli - Almond Caramel (No Added Sugar),32500,4,6,30900,400,False,400,77250.0,185400,1600
Ice Cream & Desserts,The Whole Truth Mini Protein Bar - Peanut Butter No Added Sugar,5500,25,6,4100,27,False,27,151851.85185185185,24600,1400
Ice Cream & Desserts,ITC Master Chef Crispy Chicken Fries ,17000,4,3,16200,280,False,280,57857.142857142855,48600,800
Ice Cream & Desserts,Kelloggs Corn Flakes,9900,13,6,8600,250,False,250,34400.0,51600,1300
Ice Cream & Desserts,Nissin Cup Noodles Tangy Tomato,5000,10,2,4500,70,False,70,64285.71428571429,9000,500
Ice Cream & Desserts,Smith & Jones White Pasta Sauce Mix,4000,0,3,4000,46,False,46,86956.52173913043,12000,0
Ice Cream & Desserts,Sunfeast Yippee! Pasta Treat - Sour Cream Onion,2800,10,1,2500,65,False,65,38461.53846153846,2500,300
Ice Cream & Desserts,Mothers Recipe Tamrind Date Chutney ,5500,9,2,5000,200,False,200,25000.0,10000,500
Ice Cream & Desserts,Veeba Mint Mayonnaise,16900,8,4,15500,300,False,300,51666.666666666664,62000,1400
Ice Cream & Desserts,Mccain Emotibites - Crispy Happy Potato Snack,13000,0,6,12900,415,False,415,31084.33734939759,77400,100
Ice Cream & Desserts,The Whole Truth Energy Bar Choco Cranberry Fudge,6000,26,6,4400,40,False,40,110000.0,26400,1600
Ice Cream & Desserts,Godrej Yummiez Chicken Lucknowi Seekh Kebab,26000,10,4,23400,400,False,400,58500.0,93600,2600
Ice Cream & Desserts,Prasuma Vegetable Momos,15000,0,5,15000,580,False,10,25862.068965517243,75000,0
Ice Cream & Desserts,Mother's Recipe Mixed Pickle,8500,9,2,7700,300,False,300,25666.666666666668,15400,800
Ice Cream & Desserts,Sunfeast Yippee! Pasta Treat - Sour Cream Onion,2800,17,3,2300,65,False,65,35384.61538461539,6900,500
Ice Cream & Desserts,The Whole Truth Peanut Cocoa Protein Bar No Sugar,10000,26,6,7400,52,False,52,142307.6923076923,44400,2600
Ice Cream & Desserts,Yoga Bar Breakfast Muesli - Chocolate & Cranberry ,32500,4,6,30900,400,False,400,77250.0,185400,1600
Ice Cream & Desserts,Sunfeast YiPPee! Magic Masala Noodles,7000,10,3,6300,405,False,405,15555.555555555555,18900,700
Ice Cream & Desserts,Veeba Sweet Onion Sauce,14100,14,4,12100,350,False,350,34571.42857142857,48400,2000
Ice Cream & Desserts,Quaker Oats Breakfast Cereals - With Flavour Mix Nutritious Rich Source Of Energy,4900,8,6,4500,200,False,200,22500.0,27000,400
Ice Cream & Desserts,Mother's Recipe Tamarind Paste,5000,2,6,4900,200,False,200,24500.0,29400,100
Ice Cream & Desserts,Yogabar No Added Sugar Protein Bar Brownie,12500,15,4,10600,60,False,60,176666.66666666666,42400,1900
Ice Cream & Desserts,Bambino Popular Vermicelli ,4000,2,3,3900,400,False,400,9750.0,11700,100
Ice Cream & Desserts,Ching's Secret Mix Veg Instant Soup,1000,0,3,1000,15,False,15,66666.66666666667,3000,0
Ice Cream & Desserts,Mother's Recipe Pickle - Red Stuffed Chilli,14500,11,3,12900,400,False,400,32250.0,38700,1600
Ice Cream & Desserts,Kellogg's No Added Sugar Muesli,33500,11,6,29800,500,False,500,59600.0,178800,3700
Ice Cream & Desserts,Veeba Salsa Dip,11900,6,6,11100,360,False,360,30833.333333333332,66600,800
Ice Cream & Desserts,Veeba Thousand Island Dressing,14900,8,6,13700,300,False,300,45666.666666666664,82200,1200
Ice Cream & Desserts,Baggry's Crunchy Muesli Almond Raisins & Honey,13000,0,5,13000,200,False,200,65000.0,65000,0
Ice Cream & Desserts,Knorr Chinese Hot And Sour Veg Soup,5500,3,1,5300,43,False,43,123255.81395348837,5300,200
Ice Cream & Desserts,Go Cheese Spread - Garlic,9900,5,6,9400,200,False,200,47000.0,56400,500
Ice Cream & Desserts,The Whole Truth Peanut Butter With Dates - Creamy No Sugar,21500,9,6,19400,325,False,325,59692.307692307695,116400,2100
Ice Cream & Desserts,Zorabian Chicken Smoked Ham,20500,5,1,19400,250,False,250,77600.0,19400,1100
Ice Cream & Desserts,Kissan Pineapple Jam,16500,9,1,14900,500,False,500,29800.0,14900,1600
Ice Cream & Desserts,Smith & Jones Masala Noodles,8900,0,5,8900,480,False,480,18541.666666666668,44500,0
Ice Cream & Desserts,Nestle Nestle Nan Pro Follow-Up Formula,65000,0,6,65000,400,False,400,162500.0,390000,0
Ice Cream & Desserts,Sunfeast Yippee! Power Up Atta Noodles,9600,15,6,8100,280,False,280,28928.571428571428,48600,1500
Ice Cream & Desserts,McCain Super Wedges,12000,7,6,11100,400,False,400,27750.0,66600,900
Ice Cream & Desserts,"Kellogg's Crunchy Granola Honey, Almonds, Strawberries & Pumpkin Seeds",33000,10,1,29400,450,False,450,65333.33333333333,29400,3600
Ice Cream & Desserts,Kellogg's Chocos,13000,10,6,11700,250,False,250,46800.0,70200,1300
Ice Cream & Desserts,Ching's Secret Just Soak - Whole Wheat Veg Hakka Noodle,3200,0,3,3200,150,False,150,21333.333333333332,9600,0
Ice Cream & Desserts,The Whole Truth Vegan Fig Apricot & Orange Energy Bar No Sugar,6000,20,6,4800,40,False,40,120000.0,28800,1200
Ice Cream & Desserts,Saffola Veggie Twist Masala Oats,19500,12,2,17100,500,False,500,34200.0,34200,2400
Ice Cream & Desserts,ITC Master Chef Classic Aloo Tikki,8000,10,3,7200,320,False,320,22500.0,21600,800
Ice Cream & Desserts,Smith & Jones Pink Pasta Sauce Mix,4000,0,4,4000,46,False,46,86956.52173913043,16000,0
Ice Cream & Desserts,Wingreens Farms Chipotle Dip,20000,25,1,15000,180,False,180,83333.33333333333,15000,5000
Ice Cream & Desserts,Kellogg's Real Almond & Honey Corn Flakes,55000,5,3,52000,1000,False,1,52000.0,156000,3000
Ice Cream & Desserts,Kellogg's Crunchy Granola Chocolate & Almonds,33000,10,3,29400,450,False,450,65333.33333333333,88200,3600
Ice Cream & Desserts,Cornitos Cornitos Taco Shells - 6 Inches,16000,20,4,12800,180,False,180,71111.11111111111,51200,3200
Ice Cream & Desserts,Ching's Secret Singapore Curry Instant Noodles,1500,0,3,1500,60,False,60,25000.0,4500,0
Ice Cream & Desserts,Mother's Recipe Pickle - Mango,12500,9,6,11300,400,False,500,28250.0,67800,1200
Ice Cream & Desserts,Godrej Yummiez Chilli Chicken Sausages ,16000,10,3,14400,250,False,250,57600.0,43200,1600
Ice Cream & Desserts,Pedigree Dentastix  Dog Treat Oral Care for Adult Medium Breed ,17500,20,6,14000,180,False,180,77777.77777777777,84000,3500
Ice Cream & Desserts,Maggi Hot & Sweet - Tomato Chilli Sauce,17000,10,1,15300,1000,False,1,15300.0,15300,1700
Ice Cream & Desserts,Ching's Secret Asian Hot Instant Soup,1500,0,3,1500,15,False,15,100000.0,4500,0
Ice Cream & Desserts,Kellogg’s Chocos Protein And Fibre Of 1 Roti,49900,11,6,44400,1200,False,1,37000.0,266400,5500
Ice Cream & Desserts,Mother's Recipe Pickle - Mango,14900,26,4,10900,500,False,500,21800.0,43600,4000
Ice Cream & Desserts,Chings Secret Manchurian Instant Noodle,6000,0,6,6000,240,False,240,25000.0,36000,0
Ice Cream & Desserts,Kellogg's Original Corn Flakes,31000,6,6,29000,875,False,875,33142.857142857145,174000,2000
Ice Cream & Desserts,Ching's Singapore Curry Instant Noodles,6000,0,4,6000,240,False,240,25000.0,24000,0
Ice Cream & Desserts,Kellogg's Almonds And Cranberries Granola,33000,6,6,31000,460,False,460,67391.3043478261,186000,2000
Ice Cream & Desserts,Nestle Ceregrow Multigrain Cereal with Milk and Fruits - 3 to 6 years,29200,0,6,29200,300,False,300,97333.33333333333,175200,0
Ice Cream & Desserts,MTR 3 Minute Breakfast - Magic Masala Upma,2500,0,6,2500,60,False,60,41666.666666666664,15000,0
Ice Cream & Desserts,Smith & Jones Masala Noodles,6800,10,5,6100,360,False,360,16944.44444444444,30500,700
Ice Cream & Desserts,"Knorr Classic Tomato Soup With 100% Real Vegetabls, No Added Preservatives",5500,0,6,5500,53,False,53,103773.58490566038,33000,0
Ice Cream & Desserts,Godrej Yummiez Chicken Punjabi Tikka ,29500,9,6,26600,360,False,360,73888.88888888889,159600,2900
Ice Cream & Desserts,Kellogg's Corn Flakes,42500,9,1,38300,1000,False,1,38300.0,38300,4200
Ice Cream & Desserts,Kelloggs Chocos,17000,5,4,16000,385,False,385,41558.441558441555,64000,1000
Ice Cream & Desserts,Pedigree Puppy Dry Dog Food Food Chicken & Milk,29000,20,6,23200,1200,False,1200,19333.333333333332,139200,5800
Ice Cream & Desserts,Ching's Secret Lemon Coriander Instant Soup,1500,0,5,1500,15,False,15,100000.0,7500,0
Ice Cream & Desserts,Nestle Cerelac Baby Cereal With Milk Wheat-Rice Mixed Fruit,26100,0,6,26100,300,False,300,87000.0,156600,0
Ice Cream & Desserts,Kelloggs Chocos - Moons & Stars,66000,40,4,39600,1200,False,1,33000.0,158400,26400
Ice Cream & Desserts,ITC Master Chef Chicken Galouti Kebab,17000,4,2,16200,210,False,210,77142.85714285714,32400,800
Ice Cream & Desserts,Yogabar 100% Pure Peanut Butter Creamy & Yummy Unsweetened,22900,10,6,20600,400,False,400,51500.0,123600,2300
Ice Cream & Desserts,Kitchens Of India Palak Paneer,13000,30,6,9100,285,False,285,31929.82456140351,54600,3900
Ice Cream & Desserts,Kelloggs Chocos Fills Double Chocolat,9900,11,6,8800,175,False,175,50285.71428571428,52800,1100
Ice Cream & Desserts,Soulfull Ragi Bites Choco Fills,16900,5,4,16000,250,False,250,64000.0,64000,900
Ice Cream & Desserts,Figaro Sliced Black Olive ,17900,0,6,17900,450,False,450,39777.77777777778,107400,0
Ice Cream & Desserts,Veeba Barbeque Sauce,14900,8,6,13700,330,False,330,41515.15151515151,82200,1200
Ice Cream & Desserts,The Whole Truth Vegan Mocha Almond Fudge Energy Bar No Sugar,6000,20,6,4800,40,False,40,120000.0,28800,1200
Ice Cream & Desserts,"The Whole Truth - Nuts, Fruits & Seeds Muesli",32500,20,6,26000,350,False,350,74285.71428571429,156000,6500
Ice Cream & Desserts,Pantai Green Curry Paste,15000,14,5,12800,114,False,114,112280.70175438595,64000,2200
Ice Cream & Desserts,Kelloggs Special K,21000,8,5,19200,435,False,435,44137.93103448276,96000,1800
Ice Cream & Desserts,Moi Soi Sichuan Chilli Oil- For Stir Fry Marinade Spread & Dip,28000,50,5,14000,175,False,175,80000.0,70000,14000
Ice Cream & Desserts,Mother's Recipe Madras Appalam,5000,10,6,4500,100,False,100,45000.0,27000,500
Ice Cream & Desserts,Top Ramen Masala Oat Masala,8000,10,6,7200,280,False,280,25714.285714285714,43200,800
Ice Cream & Desserts,Saffola Everyday Peppy Tomato Masala Oats,19500,12,6,17100,500,False,500,34200.0,102600,2400
Ice Cream & Desserts,"Ching's Secret Instant Noodles, Hot Garlic",6000,0,4,6000,240,False,240,25000.0,24000,0
Ice Cream & Desserts,Kitchens Of India Chicken Chettinad,20000,30,1,14000,285,False,285,49122.80701754386,14000,6000
Ice Cream & Desserts,Nestle Cerelac Wheat - Stage 1,19000,0,6,19000,300,False,300,63333.333333333336,114000,0
Ice Cream & Desserts,Sumeru Aloo Paratha,11900,5,6,11300,400,False,400,28250.0,67800,600
Ice Cream & Desserts,ITC Master Chef Veggie Pizza Pocket,17000,4,4,16200,340,False,340,47647.05882352941,64800,800
Ice Cream & Desserts,Wingreens Farms Tangy Cheese Pita Chips & Mexican Salsa Dip,6000,15,1,5100,70,False,70,72857.14285714286,5100,900
Ice Cream & Desserts,Ching's Secret Manchow Soup,5500,0,3,5500,55,False,55,100000.0,16500,0
Ice Cream & Desserts,Veeba Carrot & Cucumber Sandwich Spread,8500,10,6,7600,250,False,250,30400.0,45600,900
Ice Cream & Desserts,Kellogg's Real Almond & Honey Corn Flakes,37000,12,3,32400,650,False,650,49846.153846153844,97200,4600
Ice Cream & Desserts,Kitchens Of India Mughlai Paneer,16000,30,4,11200,285,False,285,39298.24561403509,44800,4800
Ice Cream & Desserts,Ching's Secret Just Soak - Veg Hakka Noodles,3000,0,5,3000,150,False,150,20000.0,15000,0
Ice Cream & Desserts,Ching's Secret Chowmein Hakka Noodles Masala,6000,10,2,5400,100,False,100,54000.0,10800,600
Ice Cream & Desserts,The Whole Truth Dark Chocolate Peanut Butter - Crunchy,23500,20,5,18800,325,False,325,57846.153846153844,94000,4700
Ice Cream & Desserts,Mother's Recipe Bhel Puri Chutney,5500,9,4,5000,200,False,200,25000.0,20000,500
Ice Cream & Desserts,Kelloggs Chocos Moon & Stars,33000,10,6,29400,680,False,680,43235.294117647056,176400,3600
Ice Cream & Desserts,Mother's Recipe Lime Pickle ,12000,5,1,11400,400,False,400,28500.0,11400,600
Ice Cream & Desserts,Kitchens of India Dal Makhani,11000,30,2,7700,285,False,285,27017.543859649122,15400,3300
Ice Cream & Desserts,Pantai Light Soy Sauce,27500,14,5,23400,200,False,200,117000.0,117000,4100
Ice Cream & Desserts,Ching's Secret Sweet Corn Soup,5500,0,6,5500,55,False,55,100000.0,33000,0
Ice Cream & Desserts,"Top Ramen Noodles, Atta",8000,0,1,8000,280,False,280,28571.428571428572,8000,0
Ice Cream & Desserts,Cantina Tortilla Dip Sauce Sour Creamy Tex Mex,22500,15,5,19100,190,False,190,100526.31578947368,95500,3400
Ice Cream & Desserts,Dabur Hommade - Rajasthan Ki Garlic Chutne,6500,6,6,6100,200,False,200,30500.0,36600,400
Ice Cream & Desserts,MTR Seviyan Vermicelli ,4200,0,2,4200,400,False,400,10500.0,8400,0
Ice Cream & Desserts,Pantai Oyster Sauce,27500,14,4,23400,200,False,200,117000.0,93600,4100
Ice Cream & Desserts,Go Cheese Spread - Four Pepper (Soft & Creamy),9900,5,6,9400,200,False,200,47000.0,56400,500
Ice Cream & Desserts,MTR Ready To Eat Paneer Butter Masala,13500,9,2,12200,300,False,300,40666.666666666664,24400,1300
Ice Cream & Desserts,Nestle Lactogen Stage 2 Follow-up Formula Powder,34000,0,2,34000,400,False,400,85000.0,68000,0
Ice Cream & Desserts,Kellogg's Crunchy Bites Chocos,19000,10,6,17100,375,False,375,45600.0,102600,1900
Ice Cream & Desserts,Veeba Hot Sweet Tomato Chilli Sauce,10400,20,3,8300,500,False,500,16600.0,24900,2100
Ice Cream & Desserts,Borges Durum Wheat Pasta Superior Quality,25000,40,6,14900,500,False,500,29800.0,89400,10100
Ice Cream & Desserts,Funfoods Peanut Butter Crunchy,16900,7,1,15600,400,False,400,39000.0,15600,1300
Ice Cream & Desserts,Pantai Red Curry Paste,6000,0,4,6000,50,False,50,120000.0,24000,0
Ice Cream & Desserts,ITC Master Chef Chicken Seekh Kabab,32500,0,6,32500,500,False,500,65000.0,195000,0
Ice Cream & Desserts,Del Monte Pizza & Pasta Sauce Spout Pack,9900,0,3,9900,400,False,400,24750.0,29700,0
Ice Cream & Desserts,Pantai Sriracha Red Chilli Sauce,22500,15,6,19100,200,False,200,95500.0,114600,3400
Ice Cream & Desserts,Hershey's Cocoa Spread,29500,0,3,29500,350,False,350,84285.71428571429,88500,0
Ice Cream & Desserts,Maggi Ghee Tadka Upma Express Pouch,2500,0,6,2500,65,False,65,38461.53846153846,15000,0
Ice Cream & Desserts,Ching's Secret Manchurian Noodles,9100,0,5,9100,360,False,360,25277.777777777777,45500,0
Ice Cream & Desserts,Kellogg's All Bran Wheat Flakes,22000,6,5,20500,425,False,425,48235.294117647056,102500,1500
Ice Cream & Desserts,Yummiez Chicken Breakfast Sausages,15000,0,3,15000,250,False,250,60000.0,45000,0
Ice Cream & Desserts,Pantai Red Curry Paste,15000,14,3,12800,114,False,114,112280.70175438595,38400,2200
Ice Cream & Desserts,Bagrrys Muesli Crunchy Fruit & Nut With Cranberries,33000,10,6,29700,400,False,400,74250.0,178200,3300
Ice Cream & Desserts,Quaker Oats Pouch,27600,10,6,24800,1500,False,1,16533.333333333336,148800,2800
Ice Cream & Desserts,Prasuma Momos -  Cheesy Spicy Veg,29500,0,6,29500,24,False,24,1229166.6666666667,177000,0
Ice Cream & Desserts,Veeba Sriracha Chilli Garlic Sauce,14900,8,5,13700,320,False,320,42812.5,68500,1200
Ice Cream & Desserts,Ching's Secret Just Soak - Veg Hakka Noodles,11500,0,6,11500,600,False,600,19166.666666666668,69000,0
Ice Cream & Desserts,Moi Soi Kung Pao Sauce - For Stir Fry Marinade Spread & Dip,28000,50,5,14000,175,False,175,80000.0,70000,14000
Ice Cream & Desserts,Figaro Plain Green Olive ,17900,0,6,17900,450,False,450,39777.77777777778,107400,0
Ice Cream & Desserts,Mother's Recipe Gujrati Gorkeri Pickle,14000,10,3,12600,500,False,500,25200.0,37800,1400
Ice Cream & Desserts,Kellogg's Muesli 20% Nuts Delight,32000,0,6,32000,500,False,500,64000.0,192000,0
Ice Cream & Desserts,Borges Farfalle Durum Wheat Pasta ,25000,0,5,25000,500,False,500,50000.0,125000,0
Ice Cream & Desserts,Kellogg's Chocos,29900,10,4,26900,700,False,700,38428.57142857143,107600,3000
Ice Cream & Desserts,Nestle Nan Pro 4 Follow Up Formula Powder For Older Infants ,62000,0,1,62000,400,False,400,155000.0,62000,0
Ice Cream & Desserts,Veeba Truly Tomato Ketchup,9900,20,6,7900,500,False,500,15800.0,47400,2000
Ice Cream & Desserts,Ching's Secret Green Chilli Sauce,8500,4,1,8100,680,False,680,11911.764705882353,8100,400
Ice Cream & Desserts,MTR Roasted Vermicelli ,5500,0,1,5500,400,False,400,13750.0,5500,0
Ice Cream & Desserts,Mother's Recipe Punjabi Teekha Mang Pickle,12000,10,4,10800,400,False,400,27000.0,43200,1200
Ice Cream & Desserts,Ching's Secret Hot Garlic Instant Noodles,11400,0,6,11400,480,False,480,23750.0,68400,0
Ice Cream & Desserts,Kellogg's Real Honey Corn Flakes,29000,7,5,26700,630,False,630,42380.95238095238,133500,2300
Ice Cream & Desserts,ITC Master Chef Lebanese Falafel Kebab,13000,4,4,12400,230,False,230,53913.043478260865,49600,600
Ice Cream & Desserts,Kelloggs Chocos Fills Double Chocolaty,18500,10,5,16500,250,False,250,66000.0,82500,2000
Ice Cream & Desserts,Organic India Apple Cider Vinegar,59500,9,2,53600,500,False,500,107200.0,107200,5900
Ice Cream & Desserts,Masala Oats Masala & Coriander ,19500,9,5,17600,500,False,500,35200.0,88000,1900
Ice Cream & Desserts,Ching's Secret  Noodles - Pad Thai Lemongras,20000,0,5,20000,130,False,130,153846.15384615384,100000,0
Ice Cream & Desserts,Bagrrys Fruit and Nut Muesli with Cranberries,49900,0,5,49900,750,False,750,66533.33333333333,249500,0
Ice Cream & Desserts,Kitchens Of India Yellow Dal Tadka,11000,30,6,7700,285,False,285,27017.543859649122,46200,3300
Ice Cream & Desserts,Soulfull Vanilla Fills - Ragi Bites,16900,5,6,16000,250,False,250,64000.0,96000,900
Ice Cream & Desserts,Pantai Teriyaki Sauce with Garlic,32500,15,6,27600,200,False,200,138000.0,165600,4900
Ice Cream & Desserts,Whiskas Adult Pocket Tuna Cat Food,41000,0,1,41000,1200,False,1,34166.666666666664,41000,0
Ice Cream & Desserts,Kitchens Of India Chicken Darbari ,20000,30,4,14000,285,False,285,49122.80701754386,56000,6000
Ice Cream & Desserts,Soulfull Millet Muesli Fruit & Nut Almonds & Real Fruits,29900,10,6,26900,400,False,400,67250.0,161400,3000
Ice Cream & Desserts,Smith & Jones Red Pasta Sauce Mix,4000,0,6,4000,46,False,46,86956.52173913043,24000,0
Ice Cream & Desserts,Kellogg's Muesli Nuts Delight,42500,9,3,38300,750,False,750,51066.66666666667,114900,4200
Ice Cream & Desserts,Kitchens of India Dal Bukhara Gravy Mix,11000,30,6,7700,285,False,285,27017.543859649122,46200,3300
Ice Cream & Desserts,The Whole Truth Peanut Butter - Sweetened & Crunchy,21500,20,6,17200,325,False,325,52923.07692307692,103200,4300
Ice Cream & Desserts,Remia Mayonnaise,23000,0,6,23000,241,False,241,95435.6846473029,138000,0
Ice Cream & Desserts,Ching's Secret Green Chilli Sauce,10500,0,6,10500,425,False,425,24705.88235294118,63000,0
Ice Cream & Desserts,Bagrrys Fruit N Fibre Muesli - Strawberry,59500,0,1,59500,1000,False,1,59500.0,59500,0
Ice Cream & Desserts,Ching's Secret Tomato Oats Instant Soup,1500,0,3,1500,20,False,20,75000.0,4500,0
Ice Cream & Desserts,Kellogg's Special K Original Corn Flakes,14000,5,1,13300,290,False,290,45862.06896551724,13300,700
Ice Cream & Desserts,Moi Soi  Black Bean Sauce - Dip Spread Stir Fry & Marinade,28000,50,5,14000,175,False,175,80000.0,70000,14000
Ice Cream & Desserts,Tong Garden Wasabi Green Peas,17500,4,6,16700,150,False,150,111333.33333333333,100200,800
Ice Cream & Desserts,Ching's Secret Red Chilli Sauce,10500,0,4,10500,440,False,440,23863.636363636364,42000,0
Ice Cream & Desserts,Ching's Instant Hot and Sour Soup,5500,0,5,5500,55,False,55,100000.0,27500,0
Ice Cream & Desserts,Ching's Secret Noodles - Pad Thai Original,20000,0,6,20000,130,False,130,153846.15384615384,120000,0
Ice Cream & Desserts,Aashirvaad Instant Meals - Khatta Meetha Pohaa With Millets,5500,30,5,3800,80,False,80,47500.0,19000,1700
Ice Cream & Desserts,Del Monte Black Sliced Olives,25000,0,1,25000,450,False,450,55555.555555555555,25000,0
Ice Cream & Desserts,Kitchens Of India Murgh Methi,22000,30,5,15400,285,False,285,54035.087719298244,77000,6600
Ice Cream & Desserts,Nestle Cerelac 5 Grains & Fruits Cereal,28800,0,6,28800,300,False,300,96000.0,172800,0
Ice Cream & Desserts,The Whole Truth - 5 Grain Muesli No Added Sugar,32500,20,6,26000,350,False,350,74285.71428571429,156000,6500
Ice Cream & Desserts,Ching's Secret  Pad Thai Noodles Green Curry,20000,0,6,20000,130,False,130,153846.15384615384,120000,0
Ice Cream & Desserts,Aashirvaad Suji Halwa With Jaggery,7500,0,6,7500,70,False,70,107142.85714285714,45000,0
Ice Cream & Desserts,Mother's Recipe Mango Pickle ,12000,0,1,12000,400,False,400,30000.0,12000,0
Ice Cream & Desserts,Ching's Secret Pad Thai Noodles - Extra Hot Thai Chilli,20000,0,6,20000,130,False,130,153846.15384615384,120000,0
Ice Cream & Desserts,Kellogg's Special K Original Corn Flakes,39900,11,6,35500,900,False,900,39444.444444444445,213000,4400
Ice Cream & Desserts,Knorr Sweet Corn Chicken Soup,5500,0,2,5500,42,False,42,130952.38095238096,11000,0
Ice Cream & Desserts,Ching's Secret Tomato Soup,5500,0,6,5500,55,False,55,100000.0,33000,0
Ice Cream & Desserts,Funfoods Peanut Butter Creamy,16900,0,1,16900,400,False,400,42250.0,16900,0
Ice Cream & Desserts,Japanese Choice Udon Noodles,29500,9,6,26600,250,False,250,106400.0,159600,2900
Ice Cream & Desserts,Kelloggs Muesli - With 22% Fruit Magic,32000,10,5,28800,500,False,500,57600.0,144000,3200
Ice Cream & Desserts,Dabur Hommade - Kalonji Tamatar Ki Chutney,6500,6,6,6100,200,False,200,30500.0,36600,400
Ice Cream & Desserts,Kitchens Of India Dal Makhani,11000,30,1,7700,285,False,285,27017.543859649122,7700,3300
Ice Cream & Desserts,Aashirvaad Suji Halwa With Jaggery,5500,30,6,3800,80,False,80,47500.0,22800,1700
Ice Cream & Desserts,Del Monte Green Chili Sauce,5500,0,3,5500,190,False,190,28947.36842105263,16500,0
Ice Cream & Desserts,Pedigree Dog Food Adult Chicken & Veg,66000,10,1,59400,3000,False,3,19800.0,59400,6600
Ice Cream & Desserts,Kellogg's Original Corn Flakes,18500,5,6,17500,475,False,475,36842.1052631579,105000,1000
Ice Cream & Desserts,Pedigree Puppy Dry Dog Food Food Chicken & Milk,69000,6,2,64800,3000,False,3,21600.0,129600,4200
Ice Cream & Desserts,Kitchens Of India Rajma Masala,11000,30,5,7700,285,False,285,27017.543859649122,38500,3300
Ice Cream & Desserts,Kitchen Of India Ready-To-Eat Pindi Channa,11000,30,2,7700,285,False,285,27017.543859649122,15400,3300
Ice Cream & Desserts,Figaro Pitted Black Olive ,17900,0,6,17900,450,False,450,39777.77777777778,107400,0
Ice Cream & Desserts,Cantina Tabasco Red Sauce,14000,15,6,11900,60,False,60,198333.33333333334,71400,2100
Ice Cream & Desserts,Mother's Recipe Pickle - Mixed,14900,26,6,10900,500,False,500,21800.0,65400,4000
Ice Cream & Desserts,Nestle Cerelac Baby Cereal with Milk 5 Grains & Vegetables from 18 to 24 Month,27900,0,5,27900,300,False,300,93000.0,139500,0
Ice Cream & Desserts,Mother's Recipe Tamarind Paste,5000,2,2,4900,200,False,200,24500.0,9800,100
Ice Cream & Desserts,Pedigree Meat Jerky Adult Dog Treat Barbecued Chicken,14000,20,6,11200,80,False,80,140000.0,67200,2800
Ice Cream & Desserts,Veeba Peri Peri Sauce,16100,0,6,16100,300,False,300,53666.666666666664,96600,0
Ice Cream & Desserts,Pantai Sriracha Yellow Chilli Sauce,22500,15,6,19100,200,False,200,95500.0,114600,3400
Ice Cream & Desserts,Praakritik Organic Jumbo Rolled Oats,19000,11,6,16900,500,False,500,33800.0,101400,2100
Ice Cream & Desserts,Ching's Secret Just Soak - Whole Wheat Veg Hakka Noodles,12300,0,6,12300,600,False,600,20500.0,73800,0
Ice Cream & Desserts,Pantai Spring Roll Sauce,27500,10,6,24500,200,False,200,122500.0,147000,3000
Ice Cream & Desserts,MTR Vermicelli Payasam,7500,0,6,7500,180,False,180,41666.666666666664,45000,0
Ice Cream & Desserts,Bagrrys Corn Flakes,35000,0,6,35000,880,False,800,39772.72727272727,210000,0
Ice Cream & Desserts,MTR Ready To Eat Palak Paneer ,13500,11,6,12000,300,False,300,40000.0,72000,1500
Ice Cream & Desserts,Del Monte Red Chili Sauce,5500,0,5,5500,190,False,190,28947.36842105263,27500,0
Ice Cream & Desserts,Kitchens of India Mutter Paneer Mix,12000,30,4,8400,285,False,285,29473.684210526317,33600,3600
Ice Cream & Desserts,Pantai Green Curry Paste,6000,6,6,5600,50,False,50,112000.0,33600,400
Ice Cream & Desserts,The Laughing Cow Cheese Spread Plain,11000,0,6,11000,180,False,180,61111.11111111112,66000,0
Ice Cream & Desserts,MTR Dal Fry,11000,0,5,11000,300,False,300,36666.666666666664,55000,0
Ice Cream & Desserts,Pantai Fish Sauce,27500,14,6,23400,200,False,200,117000.0,140400,4100
Ice Cream & Desserts,Cantina Beans Mexican Beans,25000,14,6,21300,410,False,410,51951.21951219512,127800,3700
Ice Cream & Desserts,Ching's Secret Manchurian Instant Noodle,11400,0,6,11400,480,False,480,23750.0,68400,0
Ice Cream & Desserts,Remia Salad Italian Dressing ,23000,0,6,23000,250,False,250,92000.0,138000,0
Ice Cream & Desserts,Yummiez Veg Cheese Fingers Pouch,23000,0,4,23000,400,False,400,57500.0,92000,0
Ice Cream & Desserts,MTR Dal Makhani,11000,0,4,11000,300,False,300,36666.666666666664,44000,0
Ice Cream & Desserts,MTR Ready to Eat Pav Bhaji,11000,0,6,11000,300,False,300,36666.666666666664,66000,0
Ice Cream & Desserts,Weikfield Tomato Salsa Instant Pasta,2500,0,1,2500,77,False,77,32467.532467532466,2500,0
Ice Cream & Desserts,Nestlé CERELAC Baby Cereal with Milk,27200,0,1,27200,300,False,300,90666.66666666667,27200,0
Ice Cream & Desserts,Remia Salad Caesar Dressing,25000,0,6,25000,250,False,250,100000.0,150000,0
Ice Cream & Desserts,Bagrrys Fruit N Fibre Muesli Mixed Fruit,33000,0,6,33000,500,False,500,66000.0,198000,0
Ice Cream & Desserts,MTR Paneer Butter Masala & Veg Pulao,17500,9,4,15800,375,False,375,42133.333333333336,63200,1700
Ice Cream & Desserts,Sundrop Cocoa Nut Hazelnut Chocolatey Spread,12000,0,6,12000,160,False,160,75000.0,72000,0
Ice Cream & Desserts,Moi Soi Manchurian Sauce - For Stir Fry Marinade Spread & Dip,28000,50,6,14000,175,False,175,80000.0,84000,14000
Ice Cream & Desserts,Pedigree Dog Food Adult Meat & Rice,66000,7,2,60800,3000,False,3,20266.666666666664,121600,5200
Ice Cream & Desserts,Pantai Sriracha Green Chilli Sauce,22500,15,6,19100,200,False,200,95500.0,114600,3400
Ice Cream & Desserts,Pantai Chilli Garlic Sauce,27500,14,6,23400,200,False,200,117000.0,140400,4100
Ice Cream & Desserts,Pantai Dark Soy Sauce,27500,14,6,23400,200,False,200,117000.0,140400,4100
Ice Cream & Desserts,Yoga Bar Peanut Butter Dark Chocolate Jar,24900,0,4,24900,400,False,400,62250.0,99600,0
Ice Cream & Desserts,Cantina Tabasco Green Sauce,14000,15,6,11900,60,False,60,198333.33333333334,71400,2100
Ice Cream & Desserts,Pantai Pad Thai Sauce (Non-Veg),32500,9,5,29300,200,False,200,146500.0,146500,3200
Ice Cream & Desserts,Pantai Sweet Chilli Sauce,27500,14,6,23400,200,False,200,117000.0,140400,4100
Ice Cream & Desserts,Ching's Secret Schezwan Instant Noodle,11400,0,6,11400,480,False,480,23750.0,68400,0
Ice Cream & Desserts,Yummiez Chicken Garlic Fingers Pouch,25000,0,5,25000,400,False,400,62500.0,125000,0
Ice Cream & Desserts,Pediasure Premium Chocolate Powdered Health Drink,61000,0,2,61000,400,False,400,152500.0,122000,0
Ice Cream & Desserts,Chings Secret Hot Garlic Instant Noodles,9100,0,6,9100,60,False,60,151666.66666666666,54600,0
Ice Cream & Desserts,Godrej Yummiez Cheese Corn Nuggets ,23000,0,4,23000,400,False,400,57500.0,92000,0
Ice Cream & Desserts,Pantai Hot Chilli Sauce,27500,14,6,23400,200,False,200,117000.0,140400,4100
Ice Cream & Desserts,Knorr International Mexican Tomato Corn Soup ,6500,6,3,6100,52,False,52,117307.69230769231,18300,400
Ice Cream & Desserts,Bagrry's Fruit Fibre Muesli Mixed Fruit ,59500,0,5,59500,1000,False,1,59500.0,297500,0
Ice Cream & Desserts,MTR Roasted Vermicelli ,10500,0,4,10500,850,False,850,12352.94117647059,42000,0
Ice Cream & Desserts,Maggi 2-Minute Instant Noodles - Masala,4400,0,0,4400,280,True,280,15714.285714285714,0,0
Ice Cream & Desserts,"Kurkure Green Chutney, Rajasthani Style",2000,0,0,2000,90,True,90,22222.222222222223,0,0
Ice Cream & Desserts,Kellogg's Chocos Combo Pack,6000,6,0,5600,156,True,156,35897.4358974359,0,400
Ice Cream & Desserts,Kissan Mixed Fruit Jam ,15500,0,0,15500,500,True,500,31000.0,0,0
Ice Cream & Desserts,Lijjat Urad Papad,6000,5,0,5700,200,True,200,28500.0,0,300
Ice Cream & Desserts,Amul Cheese Spread Yummy Plain,8500,0,0,8500,200,True,200,42500.0,0,0
Ice Cream & Desserts,Mother's Recipe Ginger And Garlic Paste,5000,24,0,3800,200,True,200,19000.0,0,1200
Ice Cream & Desserts,Maggi Magic Cubes Chicken,4000,2,0,3900,40,True,40,97500.0,0,100
Ice Cream & Desserts,Pedigree Puppy Chicken Chunks in Gravy ,3500,2,0,3400,70,True,70,48571.42857142857,0,100
Ice Cream & Desserts,The Whole Truth Peanut Butter - Unsweetened & Crunchy,18500,20,0,14800,325,True,325,45538.46153846154,0,3700
Ice Cream & Desserts,Ching's Chow Mein Hakka Noodles Masala,1000,0,0,1000,20,True,20,50000.0,0,0
Ice Cream & Desserts,Safal Frozen Mixed Vegetables,6000,5,0,5700,500,True,500,11400.0,0,300
Ice Cream & Desserts,Safal Frozen Corn,4100,4,0,3900,200,True,200,19500.0,0,200
Ice Cream & Desserts,Amul Cheese Spread Spicy Garlic,8500,3,0,8200,200,True,200,41000.0,0,300
Ice Cream & Desserts,Ching's Secret Veg Hakka Noodles,10700,0,0,10700,600,True,600,17833.333333333332,0,0
Ice Cream & Desserts,Saffola Oats 100 % Natural,1500,0,0,1500,38,True,38,39473.68421052631,0,0
Ice Cream & Desserts,Lijjat Moong Papad,6000,5,0,5700,200,True,200,28500.0,0,300
Ice Cream & Desserts,Mothers Recipe Papad - Sabudana With Rock Salt,3100,9,0,2800,70,True,70,40000.0,0,300
Ice Cream & Desserts,Maggi Chilly Chow Cuppa Noodles,5000,0,0,5000,70,True,70,71428.57142857143,0,0
Ice Cream & Desserts,Veeba Favourites Eggless Burger Mayonnaise,6900,8,0,6300,250,True,250,25200.0,0,600
Ice Cream & Desserts,Sunfeast Yippee! Magic Masala Noodles,4800,6,0,4500,240,True,240,18750.0,0,300
Ice Cream & Desserts,Top Ramen Masala,9100,9,0,8200,560,True,560,14642.857142857143,0,900
Ice Cream & Desserts,Kelloggs Corn Flakes With Real Strawberry Pure,26500,10,0,23600,575,True,575,41043.47826086956,0,2900
Ice Cream & Desserts,Mother's Recipe Potato Papad,3100,9,0,2800,70,True,75,40000.0,0,300
Ice Cream & Desserts,Mothers Recipe Rice Papad Ajwain,2400,0,0,2400,75,True,75,32000.0,0,0
Ice Cream & Desserts,Chef's Basket Durum Wheat Penne Pasta,16000,50,0,8000,500,True,500,16000.0,0,8000
Ice Cream & Desserts,Dabur Hommade - Imli Sauce Saunth,2000,10,0,1800,100,True,100,18000.0,0,200
Ice Cream & Desserts,Zorabian Chicken Kheema Parathas,19000,0,0,19000,300,True,300,63333.333333333336,0,0
Ice Cream & Desserts,Sunfeast Pasta Treat Pack of Tomato Cheese,2800,17,0,2300,65,True,65,35384.61538461539,0,500
Ice Cream & Desserts,Safal Frozen - Sweet Corn,16000,5,0,15200,1000,True,1,15200.0,0,800
Ice Cream & Desserts,MTR Vegetable Upma,2500,0,0,2500,60,True,60,41666.666666666664,0,0
Ice Cream & Desserts,Del Monte Original Blend Tomato Ketchup Pouch,12000,7,0,11100,950,True,950,11684.21052631579,0,900
Ice Cream & Desserts,Del Monte Natural Vinegar ,5500,3,0,5300,180,True,180,29444.44444444444,0,200
Ice Cream & Desserts,Del Monte Eggless Mayo,13500,6,0,12600,500,True,500,25200.0,0,900
Ice Cream & Desserts,ITC Master Chef Cheesy Corn Triangles,16000,5,0,15200,320,True,320,47500.0,0,800
Ice Cream & Desserts,Mother's Recipe Mixed Pickle ,11500,4,0,11000,400,True,400,27500.0,0,500
Ice Cream & Desserts,Godrej Yummiez Chicken Breakfast Salami,15000,4,0,14300,250,True,250,57200.0,0,700
Ice Cream & Desserts,Hershey's Cocoa + Almond Spread,29500,9,0,26600,350,True,350,76000.0,0,2900
Ice Cream & Desserts,Maggi Special Masala Spicy Yummy Noodles,7200,0,0,7200,280,True,280,25714.285714285714,0,0
Ice Cream & Desserts,Del Monte Schezwan Sauce,5500,0,0,5500,190,True,190,28947.36842105263,0,0
Ice Cream & Desserts,Yummiez Green Peas,13500,0,0,13500,500,True,500,27000.0,0,0
Ice Cream & Desserts,Yummiez Green Peas,25000,0,0,25000,1000,True,1,25000.0,0,0
Ice Cream & Desserts,Yummiez American Sweet Corn,8500,0,0,8500,400,True,400,21250.0,0,0
Ice Cream & Desserts,Dr Oetker Cucumber & Carrot Sandwich Spread Veg,7900,0,0,7900,250,True,250,31600.0,0,0
Ice Cream & Desserts,Del Monte Pitted Green Olives,25000,0,0,25000,450,True,450,55555.555555555555,0,0
Chocolates & Candies,Maggi 2 Minute Masala Noodles,1200,0,6,1200,70,False,70,17142.85714285714,7200,0
Chocolates & Candies,iD Idli & Dosa Batter ,8000,15,6,6800,1000,False,1,6800.0,40800,1200
Chocolates & Candies,iD Malabar Parota ,8000,10,4,7200,400,False,400,18000.0,28800,800
Chocolates & Candies,iD Wheat Lachha Paratha,8000,12,6,7000,400,False,400,17500.0,42000,1000
Chocolates & Candies,McCain Aloo Tikki,11000,4,6,10500,400,False,400,26250.0,63000,500
Chocolates & Candies,McCain Smiles Cripsy Happy Potatoes,12000,5,6,11400,415,False,415,27469.87951807229,68400,600
Chocolates & Candies,McCain Veggie Burger Patty,11500,3,6,11100,360,False,360,30833.333333333332,66600,400
Chocolates & Candies,McCain Veggie Fingers,11700,5,6,11100,400,False,400,27750.0,66600,600
Chocolates & Candies,Amul Delicious Fat Spread - Cholesterol Free,1800,5,6,1700,100,False,100,17000.0,10200,100
Chocolates & Candies,Whiskas Wet  Meal (Adult - Cat Food)  Chicken in Gravy,3500,2,2,3400,85,False,85,40000.0,6800,100
Chocolates & Candies,McCain Chilli Garlic Potato Bites Crunchy Potato Nuggets,12500,5,1,11800,420,False,420,28095.238095238095,11800,700
Chocolates & Candies,Ching's Secret Instant Hot Garlic Noodles,1500,0,3,1500,60,False,60,25000.0,4500,0
Chocolates & Candies,Veeba Eggless Mayonnaise,7900,11,5,7000,250,False,250,28000.0,35000,900
Chocolates & Candies,Ching's Secret Instant Schezwan Noodles,1500,0,6,1500,60,False,60,25000.0,9000,0
Chocolates & Candies,Veeba Pasta And Pizza Sauce,7500,13,5,6500,280,False,280,23214.285714285714,32500,1000
Chocolates & Candies,Top Ramen  Noodles Curry Veg Pouch,2000,0,1,2000,70,False,70,28571.428571428572,2000,0
Chocolates & Candies,Saffola Veggie Twist Masala Oats,1500,0,6,1500,38,False,38,39473.68421052631,9000,0
Chocolates & Candies,Unibic Almond & Oats Protein Bar,4000,17,4,3300,30,False,30,110000.0,13200,700
Chocolates & Candies,Quaker Oats,7900,0,2,7900,400,False,400,19750.0,15800,0
Chocolates & Candies,Amul Delicious Fat Spread - Cholesterol Free,8800,2,2,8600,500,False,500,17200.0,17200,200
Chocolates & Candies,McCain French Fries,12000,5,1,11400,420,False,420,27142.85714285714,11400,600
Chocolates & Candies,Ching's Secret Manchow Instant Soup,1000,0,1,1000,15,False,15,66666.66666666667,1000,0
Chocolates & Candies,McCain Potato Cheese Shotz,13000,4,6,12400,250,False,250,49600.0,74400,600
Chocolates & Candies,McCain Masala - Fries,12000,5,3,11400,375,False,375,30400.0,34200,600
Chocolates & Candies,Ching's Secret Schezwan Fried Rice Masala,1500,0,6,1500,20,False,20,75000.0,9000,0
Chocolates & Candies,McCain New Mini Samosa with Cheese Pizza Style Filling,12000,1,3,11800,240,False,240,49166.666666666664,35400,200
Chocolates & Candies,McCain Chilli Cheesy Nuggets,13000,4,1,12400,250,False,250,49600.0,12400,600
Chocolates & Candies,"Whiskas Adult (+1 Year) Dry Cat Food, Ocean Fish Flavour",43000,10,6,38700,1200,False,1,32250.0,232200,4300
Chocolates & Candies,Chings Instant Soup - Hot & Sour,1000,0,1,1000,15,False,15,66666.66666666667,1000,0
Chocolates & Candies,Amul Spray Infant Milk Food,19700,2,6,19300,500,False,500,38600.0,115800,400
Chocolates & Candies,McCain Smiles - Pudina Chatka,12000,5,3,11400,375,False,375,30400.0,34200,600
Chocolates & Candies,McCain French Fries Crisp & Delicious,17500,4,3,16700,750,False,750,22266.666666666664,50100,800
Chocolates & Candies,Ferrero Nutella Hazelnut Spread,22000,5,2,20700,180,False,180,115000.0,41400,1300
Chocolates & Candies,Lijjat Garlic Papad,6000,5,5,5700,200,False,200,28500.0,28500,300
Chocolates & Candies,Switz Samosa Dough Sheets,9000,4,6,8600,50,False,50,172000.0,51600,400
Chocolates & Candies,Amul Cheese Spread Creamy,8500,5,6,8000,180,False,180,44444.444444444445,48000,500
Chocolates & Candies,Maggi Imli Sauce Pichkoo,2200,0,6,2200,90,False,90,24444.44444444444,13200,0
Chocolates & Candies,Whiskas Kitten (2-12 months) Dry Cat Food Food Ocean Fish,38500,9,5,34700,1100,False,1100,31545.454545454548,173500,3800
Chocolates & Candies,Chings Instant Soup - Sweet Corn Veg,1000,0,2,1000,15,False,15,66666.66666666667,2000,0
Chocolates & Candies,Whiskas Wet  Meal (Kitten - Cat Food)  Chicken in Gravy,3500,5,2,3300,85,False,85,38823.529411764706,6600,200
Chocolates & Candies,McCain Crazy Fries Masala MixHot 'n' Tangy,12000,5,6,11400,400,False,400,28500.0,68400,600
Chocolates & Candies,The Whole Truth Double Cocoa Protein Bar No Sugar,10000,10,6,9000,52,False,52,173076.92307692306,54000,1000
Chocolates & Candies,Amul Happy Treats French Fries,6800,4,1,6500,425,False,425,15294.117647058823,6500,300
Chocolates & Candies,Ferrero Nutella Hazeulnut Spread,38000,6,5,35700,350,False,350,102000.0,178500,2300
Chocolates & Candies,Veeba Chipolte Southwest Dressing,16100,7,4,14900,300,False,300,49666.666666666664,59600,1200
Chocolates & Candies,Ching's Secret Manchow Noodles Instant Soup,1500,0,6,1500,20,False,20,75000.0,9000,0
Chocolates & Candies,Yoga Bar Breakfast Protein Bar - Blueberry Pie,5000,12,1,4400,50,False,50,88000.0,4400,600
Chocolates & Candies,Quaker Oats,19900,7,6,18400,1000,False,1,18400.0,110400,1500
Chocolates & Candies,The Whole Truth Mini Protein Bar - Coconut Cocoa No Added Sugar,5500,25,6,4100,27,False,27,151851.85185185185,24600,1400
Chocolates & Candies,Switz Spring Roll Dough Sheets,9000,4,6,8600,1160,False,20,7413.793103448275,51600,400
Chocolates & Candies,Unibic Fruit & Nut Real Cranberries & Almonds Protein Bar,4000,17,6,3300,30,False,30,110000.0,19800,700
Chocolates & Candies,Ching's Secret Tomato Instant Soup,1000,0,1,1000,16,False,15,62500.0,1000,0
Chocolates & Candies,Chef's Basket Durum Wheat Elbow Pasta,16000,50,6,8000,500,False,500,16000.0,48000,8000
Chocolates & Candies,Sunfeast Yippee! Mood Masala Noodles,6000,28,3,4300,260,False,260,16538.46153846154,12900,1700
Chocolates & Candies,MTR Breakfast Khatta Meetha Poha Mix,2500,20,6,2000,60,False,60,33333.333333333336,12000,500
Chocolates & Candies,Kellogg's Crunchy Fruit & Nut Breakfast Cereals Muesli,44500,9,6,40100,750,False,750,53466.66666666667,240600,4400
Chocolates & Candies,Ching's Secret Chilli Vinegar,5000,0,4,5000,170,False,170,29411.764705882353,20000,0
Chocolates & Candies,Ching's Red Chilli Sauce,5500,0,6,5500,200,False,200,27500.0,33000,0
Chocolates & Candies,Amul Lite Spread,4000,2,5,3900,100,False,100,39000.0,19500,100
Chocolates & Candies,Borges Durum Wheat Fusilli Pasta ,25000,0,3,25000,500,False,500,50000.0,75000,0
Chocolates & Candies,The Whole Truth Cranberry Mini Protein Bar No Sugar,5500,20,6,4400,27,False,27,162962.96296296295,26400,1100
Chocolates & Candies,The Whole Truth Mini Protein Bar - Coffee Cocoa No Added Sugar,5500,20,6,4400,27,False,27,162962.96296296295,26400,1100
Chocolates & Candies,Maggi Hot & Sweet Tomato Chilli Sauce,11500,0,1,11500,500,False,500,23000.0,11500,0
Chocolates & Candies,Sunfeast YiPPee! Noodles - Magic Masala,9600,5,4,9100,540,False,540,16851.85185185185,36400,500
Chocolates & Candies,Chef's Basket Durum Wheat Fusilli Pasta,16000,50,6,8000,500,False,500,16000.0,48000,8000
Chocolates & Candies,Top Ramen Chicken Noodles,6000,10,1,5400,280,False,280,19285.714285714286,5400,600
Chocolates & Candies,Veeba Cheese and Chilli Sandwich Spread,8900,11,6,7900,275,False,275,28727.272727272728,47400,1000
Chocolates & Candies,Ching’s Secret Chowmein Hakka Noodles Masala ,4400,0,2,4400,60,False,60,73333.33333333333,8800,0
Chocolates & Candies,Safal Frozen - Mixed Vegetables,11000,4,2,10500,1000,False,1,10500.0,21000,500
Chocolates & Candies,MTR 3 Min Poha,2500,0,6,2500,60,False,60,41666.666666666664,15000,0
Chocolates & Candies,Ching's Manchurian Instant Noodles,1500,0,5,1500,60,False,60,25000.0,7500,0
Chocolates & Candies,The Whole Truth Peanut Cocoa Mini Protein Bar No Sugar ,5500,25,6,4100,27,False,27,151851.85185185185,24600,1400
Chocolates & Candies,Gits Pav Bhaji Ready to Eat,11000,22,6,8500,300,False,300,28333.333333333332,51000,2500
Chocolates & Candies,McCain New Mini Samosa with Cheese Corn Style Filling,12000,1,2,11800,240,False,240,49166.666666666664,23600,200
Chocolates & Candies,Lijjat Udad Mini Papad,6000,6,6,5600,200,False,200,28000.0,33600,400
Chocolates & Candies,McCain Herb & Garlic Crazy Fries Masala Mix ,12000,5,5,11400,400,False,400,28500.0,57000,600
Chocolates & Candies,Yoga Bar Multigrain Energy Bar Nuts And Seeds,4000,12,4,3500,38,False,38,92105.26315789473,14000,500
Chocolates & Candies,"Ching's Secret Sauce, Green Chilli",5500,0,5,5500,190,False,190,28947.36842105263,27500,0
Chocolates & Candies,Veeba Pizza Topping,7500,6,4,7000,280,False,280,25000.0,28000,500
Chocolates & Candies,Switz Paratha Puff,11000,4,6,10500,400,False,400,26250.0,63000,500
Chocolates & Candies,"New Kellogg's Muesli with 21% Fruit, Nut & Seeds",32500,6,6,30500,500,False,500,61000.0,183000,2000
Chocolates & Candies,The Whole Truth Double Cocoa Mini Protein Bar No Sugar,5500,20,5,4400,27,False,27,162962.96296296295,22000,1100
Chocolates & Candies,Sunfeast Yippee Tricolor Pasta Seasoning,2800,17,1,2300,65,False,65,35384.61538461539,2300,500
Chocolates & Candies,Wingreens Cheesy Chipotle Sauce,9900,49,1,5000,130,False,130,38461.53846153846,5000,4900
Chocolates & Candies,Maggi Rich Tomato Ketchup,10500,4,2,10000,500,False,500,20000.0,20000,500
Chocolates & Candies,The Whole Truth Dark Chocolate Peanut Butter - Creamy,23500,25,6,17400,325,False,325,53538.46153846154,104400,6100
Chocolates & Candies,Godrej Yummiez Chicken Nuggets,32500,9,1,29300,500,False,500,58600.0,29300,3200
Chocolates & Candies,Go Cheese  Spread Plain,9900,5,6,9400,200,False,200,47000.0,56400,500
Chocolates & Candies,Kellogg's Real Almond & Honey Corn Flakes,17500,9,6,15800,300,False,300,52666.666666666664,94800,1700
Chocolates & Candies,The Whole Truth Vegan Almond Choco Fudge Energy Bar No Sugar,6000,20,6,4800,40,False,40,120000.0,28800,1200
Chocolates & Candies,Prasuma Vegetable Momos,27000,0,5,27000,24,False,24,1125000.0,135000,0
Chocolates & Candies,MTR Upma,5000,10,6,4500,160,False,160,28125.0,27000,500
Chocolates & Candies,Ching's Schezwan Masala Instant Noodles,6000,0,1,6000,240,False,240,25000.0,6000,0
Chocolates & Candies,The Whole Truth Cranberry Protein Bar No Sugar,10000,26,6,7400,52,False,52,142307.6923076923,44400,2600
Chocolates & Candies,Saffola Yummy Masala Noodles ,2000,0,2,2000,46,False,46,43478.260869565216,4000,0
Chocolates & Candies,Veeba English Mustard,7400,6,2,6900,300,False,300,23000.0,13800,500
Chocolates & Candies,Dabur Hommade Tamarind Paste,4800,6,6,4500,200,False,200,22500.0,27000,300
Chocolates & Candies,Yoga Bar Breakfast Muesli - Almond Caramel (No Added Sugar),32500,4,6,30900,400,False,400,77250.0,185400,1600
Chocolates & Candies,The Whole Truth Mini Protein Bar - Peanut Butter No Added Sugar,5500,25,6,4100,27,False,27,151851.85185185185,24600,1400
Chocolates & Candies,ITC Master Chef Crispy Chicken Fries ,17000,4,3,16200,280,False,280,57857.142857142855,48600,800
Chocolates & Candies,Kelloggs Corn Flakes,9900,13,6,8600,250,False,250,34400.0,51600,1300
Chocolates & Candies,Nissin Cup Noodles Tangy Tomato,5000,10,2,4500,70,False,70,64285.71428571429,9000,500
Chocolates & Candies,Smith & Jones White Pasta Sauce Mix,4000,0,3,4000,46,False,46,86956.52173913043,12000,0
Chocolates & Candies,Sunfeast Yippee! Pasta Treat - Sour Cream Onion,2800,10,1,2500,65,False,65,38461.53846153846,2500,300
Chocolates & Candies,Mothers Recipe Tamrind Date Chutney ,5500,9,2,5000,200,False,200,25000.0,10000,500
Chocolates & Candies,Veeba Mint Mayonnaise,16900,8,4,15500,300,False,300,51666.666666666664,62000,1400
Chocolates & Candies,Mccain Emotibites - Crispy Happy Potato Snack,13000,0,6,12900,415,False,415,31084.33734939759,77400,100
Chocolates & Candies,The Whole Truth Energy Bar Choco Cranberry Fudge,6000,26,6,4400,40,False,40,110000.0,26400,1600
Chocolates & Candies,Godrej Yummiez Chicken Lucknowi Seekh Kebab,26000,10,4,23400,400,False,400,58500.0,93600,2600
Chocolates & Candies,Prasuma Vegetable Momos,15000,0,5,15000,580,False,10,25862.068965517243,75000,0
Chocolates & Candies,Mother's Recipe Mixed Pickle,8500,9,2,7700,300,False,300,25666.666666666668,15400,800
Chocolates & Candies,Sunfeast Yippee! Pasta Treat - Sour Cream Onion,2800,17,3,2300,65,False,65,35384.61538461539,6900,500
Chocolates & Candies,The Whole Truth Peanut Cocoa Protein Bar No Sugar,10000,26,6,7400,52,False,52,142307.6923076923,44400,2600
Chocolates & Candies,Yoga Bar Breakfast Muesli - Chocolate & Cranberry ,32500,4,6,30900,400,False,400,77250.0,185400,1600
Chocolates & Candies,Sunfeast YiPPee! Magic Masala Noodles,7000,10,3,6300,405,False,405,15555.555555555555,18900,700
Chocolates & Candies,Veeba Sweet Onion Sauce,14100,14,4,12100,350,False,350,34571.42857142857,48400,2000
Chocolates & Candies,Quaker Oats Breakfast Cereals - With Flavour Mix Nutritious Rich Source Of Energy,4900,8,6,4500,200,False,200,22500.0,27000,400
Chocolates & Candies,Mother's Recipe Tamarind Paste,5000,2,6,4900,200,False,200,24500.0,29400,100
Chocolates & Candies,Yogabar No Added Sugar Protein Bar Brownie,12500,15,4,10600,60,False,60,176666.66666666666,42400,1900
Chocolates & Candies,Bambino Popular Vermicelli ,4000,2,3,3900,400,False,400,9750.0,11700,100
Chocolates & Candies,Ching's Secret Mix Veg Instant Soup,1000,0,3,1000,15,False,15,66666.66666666667,3000,0
Chocolates & Candies,Mother's Recipe Pickle - Red Stuffed Chilli,14500,11,3,12900,400,False,400,32250.0,38700,1600
Chocolates & Candies,Kellogg's No Added Sugar Muesli,33500,11,6,29800,500,False,500,59600.0,178800,3700
Chocolates & Candies,Veeba Salsa Dip,11900,6,6,11100,360,False,360,30833.333333333332,66600,800
Chocolates & Candies,Veeba Thousand Island Dressing,14900,8,6,13700,300,False,300,45666.666666666664,82200,1200
Chocolates & Candies,Baggry's Crunchy Muesli Almond Raisins & Honey,13000,0,5,13000,200,False,200,65000.0,65000,0
Chocolates & Candies,Knorr Chinese Hot And Sour Veg Soup,5500,3,1,5300,43,False,43,123255.81395348837,5300,200
Chocolates & Candies,Go Cheese Spread - Garlic,9900,5,6,9400,200,False,200,47000.0,56400,500
Chocolates & Candies,The Whole Truth Peanut Butter With Dates - Creamy No Sugar,21500,9,6,19400,325,False,325,59692.307692307695,116400,2100
Chocolates & Candies,Zorabian Chicken Smoked Ham,20500,5,1,19400,250,False,250,77600.0,19400,1100
Chocolates & Candies,Kissan Pineapple Jam,16500,9,1,14900,500,False,500,29800.0,14900,1600
Chocolates & Candies,Smith & Jones Masala Noodles,8900,0,5,8900,480,False,480,18541.666666666668,44500,0
Chocolates & Candies,Nestle Nestle Nan Pro Follow-Up Formula,65000,0,6,65000,400,False,400,162500.0,390000,0
Chocolates & Candies,Sunfeast Yippee! Power Up Atta Noodles,9600,15,6,8100,280,False,280,28928.571428571428,48600,1500
Chocolates & Candies,McCain Super Wedges,12000,7,6,11100,400,False,400,27750.0,66600,900
Chocolates & Candies,"Kellogg's Crunchy Granola Honey, Almonds, Strawberries & Pumpkin Seeds",33000,10,1,29400,450,False,450,65333.33333333333,29400,3600
Chocolates & Candies,Kellogg's Chocos,13000,10,6,11700,250,False,250,46800.0,70200,1300
Chocolates & Candies,Ching's Secret Just Soak - Whole Wheat Veg Hakka Noodle,3200,0,3,3200,150,False,150,21333.333333333332,9600,0
Chocolates & Candies,The Whole Truth Vegan Fig Apricot & Orange Energy Bar No Sugar,6000,20,6,4800,40,False,40,120000.0,28800,1200
Chocolates & Candies,Saffola Veggie Twist Masala Oats,19500,12,2,17100,500,False,500,34200.0,34200,2400
Chocolates & Candies,ITC Master Chef Classic Aloo Tikki,8000,10,3,7200,320,False,320,22500.0,21600,800
Chocolates & Candies,Smith & Jones Pink Pasta Sauce Mix,4000,0,4,4000,46,False,46,86956.52173913043,16000,0
Chocolates & Candies,Wingreens Farms Chipotle Dip,20000,25,1,15000,180,False,180,83333.33333333333,15000,5000
Chocolates & Candies,Kellogg's Real Almond & Honey Corn Flakes,55000,5,3,52000,1000,False,1,52000.0,156000,3000
Chocolates & Candies,Kellogg's Crunchy Granola Chocolate & Almonds,33000,10,3,29400,450,False,450,65333.33333333333,88200,3600
Chocolates & Candies,Cornitos Cornitos Taco Shells - 6 Inches,16000,20,4,12800,180,False,180,71111.11111111111,51200,3200
Chocolates & Candies,Ching's Secret Singapore Curry Instant Noodles,1500,0,3,1500,60,False,60,25000.0,4500,0
Chocolates & Candies,Mother's Recipe Pickle - Mango,12500,9,6,11300,400,False,500,28250.0,67800,1200
Chocolates & Candies,Godrej Yummiez Chilli Chicken Sausages ,16000,10,3,14400,250,False,250,57600.0,43200,1600
Chocolates & Candies,Pedigree Dentastix  Dog Treat Oral Care for Adult Medium Breed ,17500,20,6,14000,180,False,180,77777.77777777777,84000,3500
Chocolates & Candies,Maggi Hot & Sweet - Tomato Chilli Sauce,17000,10,1,15300,1000,False,1,15300.0,15300,1700
Chocolates & Candies,Ching's Secret Asian Hot Instant Soup,1500,0,3,1500,15,False,15,100000.0,4500,0
Chocolates & Candies,Kellogg’s Chocos Protein And Fibre Of 1 Roti,49900,11,6,44400,1200,False,1,37000.0,266400,5500
Chocolates & Candies,Mother's Recipe Pickle - Mango,14900,26,4,10900,500,False,500,21800.0,43600,4000
Chocolates & Candies,Chings Secret Manchurian Instant Noodle,6000,0,6,6000,240,False,240,25000.0,36000,0
Chocolates & Candies,Kellogg's Original Corn Flakes,31000,6,6,29000,875,False,875,33142.857142857145,174000,2000
Chocolates & Candies,Ching's Singapore Curry Instant Noodles,6000,0,4,6000,240,False,240,25000.0,24000,0
Chocolates & Candies,Kellogg's Almonds And Cranberries Granola,33000,6,6,31000,460,False,460,67391.3043478261,186000,2000
Chocolates & Candies,Nestle Ceregrow Multigrain Cereal with Milk and Fruits - 3 to 6 years,29200,0,6,29200,300,False,300,97333.33333333333,175200,0
Chocolates & Candies,MTR 3 Minute Breakfast - Magic Masala Upma,2500,0,6,2500,60,False,60,41666.666666666664,15000,0
Chocolates & Candies,Smith & Jones Masala Noodles,6800,10,5,6100,360,False,360,16944.44444444444,30500,700
Chocolates & Candies,"Knorr Classic Tomato Soup With 100% Real Vegetabls, No Added Preservatives",5500,0,6,5500,53,False,53,103773.58490566038,33000,0
Chocolates & Candies,Godrej Yummiez Chicken Punjabi Tikka ,29500,9,6,26600,360,False,360,73888.88888888889,159600,2900
Chocolates & Candies,Kellogg's Corn Flakes,42500,9,1,38300,1000,False,1,38300.0,38300,4200
Chocolates & Candies,Kelloggs Chocos,17000,5,4,16000,385,False,385,41558.441558441555,64000,1000
Chocolates & Candies,Pedigree Puppy Dry Dog Food Food Chicken & Milk,29000,20,6,23200,1200,False,1200,19333.333333333332,139200,5800
Chocolates & Candies,Ching's Secret Lemon Coriander Instant Soup,1500,0,5,1500,15,False,15,100000.0,7500,0
Chocolates & Candies,Nestle Cerelac Baby Cereal With Milk Wheat-Rice Mixed Fruit,26100,0,6,26100,300,False,300,87000.0,156600,0
Chocolates & Candies,Kelloggs Chocos - Moons & Stars,66000,40,4,39600,1200,False,1,33000.0,158400,26400
Chocolates & Candies,ITC Master Chef Chicken Galouti Kebab,17000,4,2,16200,210,False,210,77142.85714285714,32400,800
Chocolates & Candies,Yogabar 100% Pure Peanut Butter Creamy & Yummy Unsweetened,22900,10,6,20600,400,False,400,51500.0,123600,2300
Chocolates & Candies,Kitchens Of India Palak Paneer,13000,30,6,9100,285,False,285,31929.82456140351,54600,3900
Chocolates & Candies,Kelloggs Chocos Fills Double Chocolat,9900,11,6,8800,175,False,175,50285.71428571428,52800,1100
Chocolates & Candies,Soulfull Ragi Bites Choco Fills,16900,5,4,16000,250,False,250,64000.0,64000,900
Chocolates & Candies,Figaro Sliced Black Olive ,17900,0,6,17900,450,False,450,39777.77777777778,107400,0
Chocolates & Candies,Veeba Barbeque Sauce,14900,8,6,13700,330,False,330,41515.15151515151,82200,1200
Chocolates & Candies,The Whole Truth Vegan Mocha Almond Fudge Energy Bar No Sugar,6000,20,6,4800,40,False,40,120000.0,28800,1200
Chocolates & Candies,"The Whole Truth - Nuts, Fruits & Seeds Muesli",32500,20,6,26000,350,False,350,74285.71428571429,156000,6500
Chocolates & Candies,Pantai Green Curry Paste,15000,14,5,12800,114,False,114,112280.70175438595,64000,2200
Chocolates & Candies,Kelloggs Special K,21000,8,5,19200,435,False,435,44137.93103448276,96000,1800
Chocolates & Candies,Moi Soi Sichuan Chilli Oil- For Stir Fry Marinade Spread & Dip,28000,50,5,14000,175,False,175,80000.0,70000,14000
Chocolates & Candies,Mother's Recipe Madras Appalam,5000,10,6,4500,100,False,100,45000.0,27000,500
Chocolates & Candies,Top Ramen Masala Oat Masala,8000,10,6,7200,280,False,280,25714.285714285714,43200,800
Chocolates & Candies,Saffola Everyday Peppy Tomato Masala Oats,19500,12,6,17100,500,False,500,34200.0,102600,2400
Chocolates & Candies,"Ching's Secret Instant Noodles, Hot Garlic",6000,0,4,6000,240,False,240,25000.0,24000,0
Chocolates & Candies,Kitchens Of India Chicken Chettinad,20000,30,1,14000,285,False,285,49122.80701754386,14000,6000
Chocolates & Candies,Nestle Cerelac Wheat - Stage 1,19000,0,6,19000,300,False,300,63333.333333333336,114000,0
Chocolates & Candies,Sumeru Aloo Paratha,11900,5,6,11300,400,False,400,28250.0,67800,600
Chocolates & Candies,ITC Master Chef Veggie Pizza Pocket,17000,4,4,16200,340,False,340,47647.05882352941,64800,800
Chocolates & Candies,Wingreens Farms Tangy Cheese Pita Chips & Mexican Salsa Dip,6000,15,1,5100,70,False,70,72857.14285714286,5100,900
Chocolates & Candies,Ching's Secret Manchow Soup,5500,0,3,5500,55,False,55,100000.0,16500,0
Chocolates & Candies,Veeba Carrot & Cucumber Sandwich Spread,8500,10,6,7600,250,False,250,30400.0,45600,900
Chocolates & Candies,Kellogg's Real Almond & Honey Corn Flakes,37000,12,3,32400,650,False,650,49846.153846153844,97200,4600
Chocolates & Candies,Kitchens Of India Mughlai Paneer,16000,30,4,11200,285,False,285,39298.24561403509,44800,4800
Chocolates & Candies,Ching's Secret Just Soak - Veg Hakka Noodles,3000,0,5,3000,150,False,150,20000.0,15000,0
Chocolates & Candies,Ching's Secret Chowmein Hakka Noodles Masala,6000,10,2,5400,100,False,100,54000.0,10800,600
Chocolates & Candies,The Whole Truth Dark Chocolate Peanut Butter - Crunchy,23500,20,5,18800,325,False,325,57846.153846153844,94000,4700
Chocolates & Candies,Mother's Recipe Bhel Puri Chutney,5500,9,4,5000,200,False,200,25000.0,20000,500
Chocolates & Candies,Kelloggs Chocos Moon & Stars,33000,10,6,29400,680,False,680,43235.294117647056,176400,3600
Chocolates & Candies,Mother's Recipe Lime Pickle ,12000,5,1,11400,400,False,400,28500.0,11400,600
Chocolates & Candies,Kitchens of India Dal Makhani,11000,30,2,7700,285,False,285,27017.543859649122,15400,3300
Chocolates & Candies,Pantai Light Soy Sauce,27500,14,5,23400,200,False,200,117000.0,117000,4100
Chocolates & Candies,Ching's Secret Sweet Corn Soup,5500,0,6,5500,55,False,55,100000.0,33000,0
Chocolates & Candies,"Top Ramen Noodles, Atta",8000,0,1,8000,280,False,280,28571.428571428572,8000,0
Chocolates & Candies,Cantina Tortilla Dip Sauce Sour Creamy Tex Mex,22500,15,5,19100,190,False,190,100526.31578947368,95500,3400
Chocolates & Candies,Dabur Hommade - Rajasthan Ki Garlic Chutne,6500,6,6,6100,200,False,200,30500.0,36600,400
Chocolates & Candies,MTR Seviyan Vermicelli ,4200,0,2,4200,400,False,400,10500.0,8400,0
Chocolates & Candies,Pantai Oyster Sauce,27500,14,4,23400,200,False,200,117000.0,93600,4100
Chocolates & Candies,Go Cheese Spread - Four Pepper (Soft & Creamy),9900,5,6,9400,200,False,200,47000.0,56400,500
Chocolates & Candies,MTR Ready To Eat Paneer Butter Masala,13500,9,2,12200,300,False,300,40666.666666666664,24400,1300
Chocolates & Candies,Nestle Lactogen Stage 2 Follow-up Formula Powder,34000,0,2,34000,400,False,400,85000.0,68000,0
Chocolates & Candies,Kellogg's Crunchy Bites Chocos,19000,10,6,17100,375,False,375,45600.0,102600,1900
Chocolates & Candies,Veeba Hot Sweet Tomato Chilli Sauce,10400,20,3,8300,500,False,500,16600.0,24900,2100
Chocolates & Candies,Borges Durum Wheat Pasta Superior Quality,25000,40,6,14900,500,False,500,29800.0,89400,10100
Chocolates & Candies,Funfoods Peanut Butter Crunchy,16900,7,1,15600,400,False,400,39000.0,15600,1300
Chocolates & Candies,Pantai Red Curry Paste,6000,0,4,6000,50,False,50,120000.0,24000,0
Chocolates & Candies,ITC Master Chef Chicken Seekh Kabab,32500,0,6,32500,500,False,500,65000.0,195000,0
Chocolates & Candies,Del Monte Pizza & Pasta Sauce Spout Pack,9900,0,3,9900,400,False,400,24750.0,29700,0
Chocolates & Candies,Pantai Sriracha Red Chilli Sauce,22500,15,6,19100,200,False,200,95500.0,114600,3400
Chocolates & Candies,Hershey's Cocoa Spread,29500,0,3,29500,350,False,350,84285.71428571429,88500,0
Chocolates & Candies,Maggi Ghee Tadka Upma Express Pouch,2500,0,6,2500,65,False,65,38461.53846153846,15000,0
Chocolates & Candies,Ching's Secret Manchurian Noodles,9100,0,5,9100,360,False,360,25277.777777777777,45500,0
Chocolates & Candies,Kellogg's All Bran Wheat Flakes,22000,6,5,20500,425,False,425,48235.294117647056,102500,1500
Chocolates & Candies,Yummiez Chicken Breakfast Sausages,15000,0,3,15000,250,False,250,60000.0,45000,0
Chocolates & Candies,Pantai Red Curry Paste,15000,14,3,12800,114,False,114,112280.70175438595,38400,2200
Chocolates & Candies,Bagrrys Muesli Crunchy Fruit & Nut With Cranberries,33000,10,6,29700,400,False,400,74250.0,178200,3300
Chocolates & Candies,Quaker Oats Pouch,27600,10,6,24800,1500,False,1,16533.333333333336,148800,2800
Chocolates & Candies,Prasuma Momos -  Cheesy Spicy Veg,29500,0,6,29500,24,False,24,1229166.6666666667,177000,0
Chocolates & Candies,Veeba Sriracha Chilli Garlic Sauce,14900,8,5,13700,320,False,320,42812.5,68500,1200
Chocolates & Candies,Ching's Secret Just Soak - Veg Hakka Noodles,11500,0,6,11500,600,False,600,19166.666666666668,69000,0
Chocolates & Candies,Moi Soi Kung Pao Sauce - For Stir Fry Marinade Spread & Dip,28000,50,5,14000,175,False,175,80000.0,70000,14000
Chocolates & Candies,Figaro Plain Green Olive ,17900,0,6,17900,450,False,450,39777.77777777778,107400,0
Chocolates & Candies,Mother's Recipe Gujrati Gorkeri Pickle,14000,10,3,12600,500,False,500,25200.0,37800,1400
Chocolates & Candies,Kellogg's Muesli 20% Nuts Delight,32000,0,6,32000,500,False,500,64000.0,192000,0
Chocolates & Candies,Borges Farfalle Durum Wheat Pasta ,25000,0,5,25000,500,False,500,50000.0,125000,0
Chocolates & Candies,Kellogg's Chocos,29900,10,4,26900,700,False,700,38428.57142857143,107600,3000
Chocolates & Candies,Nestle Nan Pro 4 Follow Up Formula Powder For Older Infants ,62000,0,1,62000,400,False,400,155000.0,62000,0
Chocolates & Candies,Veeba Truly Tomato Ketchup,9900,20,6,7900,500,False,500,15800.0,47400,2000
Chocolates & Candies,Ching's Secret Green Chilli Sauce,8500,4,1,8100,680,False,680,11911.764705882353,8100,400
Chocolates & Candies,MTR Roasted Vermicelli ,5500,0,1,5500,400,False,400,13750.0,5500,0
Chocolates & Candies,Mother's Recipe Punjabi Teekha Mang Pickle,12000,10,4,10800,400,False,400,27000.0,43200,1200
Chocolates & Candies,Ching's Secret Hot Garlic Instant Noodles,11400,0,6,11400,480,False,480,23750.0,68400,0
Chocolates & Candies,Kellogg's Real Honey Corn Flakes,29000,7,5,26700,630,False,630,42380.95238095238,133500,2300
Chocolates & Candies,ITC Master Chef Lebanese Falafel Kebab,13000,4,4,12400,230,False,230,53913.043478260865,49600,600
Chocolates & Candies,Kelloggs Chocos Fills Double Chocolaty,18500,10,5,16500,250,False,250,66000.0,82500,2000
Chocolates & Candies,Organic India Apple Cider Vinegar,59500,9,2,53600,500,False,500,107200.0,107200,5900
Chocolates & Candies,Masala Oats Masala & Coriander ,19500,9,5,17600,500,False,500,35200.0,88000,1900
Chocolates & Candies,Ching's Secret  Noodles - Pad Thai Lemongras,20000,0,5,20000,130,False,130,153846.15384615384,100000,0
Chocolates & Candies,Bagrrys Fruit and Nut Muesli with Cranberries,49900,0,5,49900,750,False,750,66533.33333333333,249500,0
Chocolates & Candies,Kitchens Of India Yellow Dal Tadka,11000,30,6,7700,285,False,285,27017.543859649122,46200,3300
Chocolates & Candies,Soulfull Vanilla Fills - Ragi Bites,16900,5,6,16000,250,False,250,64000.0,96000,900
Chocolates & Candies,Pantai Teriyaki Sauce with Garlic,32500,15,6,27600,200,False,200,138000.0,165600,4900
Chocolates & Candies,Whiskas Adult Pocket Tuna Cat Food,41000,0,1,41000,1200,False,1,34166.666666666664,41000,0
Chocolates & Candies,Kitchens Of India Chicken Darbari ,20000,30,4,14000,285,False,285,49122.80701754386,56000,6000
Chocolates & Candies,Soulfull Millet Muesli Fruit & Nut Almonds & Real Fruits,29900,10,6,26900,400,False,400,67250.0,161400,3000
Chocolates & Candies,Smith & Jones Red Pasta Sauce Mix,4000,0,6,4000,46,False,46,86956.52173913043,24000,0
Chocolates & Candies,Kellogg's Muesli Nuts Delight,42500,9,3,38300,750,False,750,51066.66666666667,114900,4200
Chocolates & Candies,Kitchens of India Dal Bukhara Gravy Mix,11000,30,6,7700,285,False,285,27017.543859649122,46200,3300
Chocolates & Candies,The Whole Truth Peanut Butter - Sweetened & Crunchy,21500,20,6,17200,325,False,325,52923.07692307692,103200,4300
Chocolates & Candies,Remia Mayonnaise,23000,0,6,23000,241,False,241,95435.6846473029,138000,0
Chocolates & Candies,Ching's Secret Green Chilli Sauce,10500,0,6,10500,425,False,425,24705.88235294118,63000,0
Chocolates & Candies,Bagrrys Fruit N Fibre Muesli - Strawberry,59500,0,1,59500,1000,False,1,59500.0,59500,0
Chocolates & Candies,Ching's Secret Tomato Oats Instant Soup,1500,0,3,1500,20,False,20,75000.0,4500,0
Chocolates & Candies,Kellogg's Special K Original Corn Flakes,14000,5,1,13300,290,False,290,45862.06896551724,13300,700
Chocolates & Candies,Moi Soi  Black Bean Sauce - Dip Spread Stir Fry & Marinade,28000,50,5,14000,175,False,175,80000.0,70000,14000
Chocolates & Candies,Tong Garden Wasabi Green Peas,17500,4,6,16700,150,False,150,111333.33333333333,100200,800
Chocolates & Candies,Ching's Secret Red Chilli Sauce,10500,0,4,10500,440,False,440,23863.636363636364,42000,0
Chocolates & Candies,Ching's Instant Hot and Sour Soup,5500,0,5,5500,55,False,55,100000.0,27500,0
Chocolates & Candies,Ching's Secret Noodles - Pad Thai Original,20000,0,6,20000,130,False,130,153846.15384615384,120000,0
Chocolates & Candies,Aashirvaad Instant Meals - Khatta Meetha Pohaa With Millets,5500,30,5,3800,80,False,80,47500.0,19000,1700
Chocolates & Candies,Del Monte Black Sliced Olives,25000,0,1,25000,450,False,450,55555.555555555555,25000,0
Chocolates & Candies,Kitchens Of India Murgh Methi,22000,30,5,15400,285,False,285,54035.087719298244,77000,6600
Chocolates & Candies,Nestle Cerelac 5 Grains & Fruits Cereal,28800,0,6,28800,300,False,300,96000.0,172800,0
Chocolates & Candies,The Whole Truth - 5 Grain Muesli No Added Sugar,32500,20,6,26000,350,False,350,74285.71428571429,156000,6500
Chocolates & Candies,Ching's Secret  Pad Thai Noodles Green Curry,20000,0,6,20000,130,False,130,153846.15384615384,120000,0
Chocolates & Candies,Aashirvaad Suji Halwa With Jaggery,7500,0,6,7500,70,False,70,107142.85714285714,45000,0
Chocolates & Candies,Mother's Recipe Mango Pickle ,12000,0,1,12000,400,False,400,30000.0,12000,0
Chocolates & Candies,Ching's Secret Pad Thai Noodles - Extra Hot Thai Chilli,20000,0,6,20000,130,False,130,153846.15384615384,120000,0
Chocolates & Candies,Kellogg's Special K Original Corn Flakes,39900,11,6,35500,900,False,900,39444.444444444445,213000,4400
Chocolates & Candies,Knorr Sweet Corn Chicken Soup,5500,0,2,5500,42,False,42,130952.38095238096,11000,0
Chocolates & Candies,Ching's Secret Tomato Soup,5500,0,6,5500,55,False,55,100000.0,33000,0
Chocolates & Candies,Funfoods Peanut Butter Creamy,16900,0,1,16900,400,False,400,42250.0,16900,0
Chocolates & Candies,Japanese Choice Udon Noodles,29500,9,6,26600,250,False,250,106400.0,159600,2900
Chocolates & Candies,Kelloggs Muesli - With 22% Fruit Magic,32000,10,5,28800,500,False,500,57600.0,144000,3200
Chocolates & Candies,Dabur Hommade - Kalonji Tamatar Ki Chutney,6500,6,6,6100,200,False,200,30500.0,36600,400
Chocolates & Candies,Kitchens Of India Dal Makhani,11000,30,1,7700,285,False,285,27017.543859649122,7700,3300
Chocolates & Candies,Aashirvaad Suji Halwa With Jaggery,5500,30,6,3800,80,False,80,47500.0,22800,1700
Chocolates & Candies,Del Monte Green Chili Sauce,5500,0,3,5500,190,False,190,28947.36842105263,16500,0
Chocolates & Candies,Pedigree Dog Food Adult Chicken & Veg,66000,10,1,59400,3000,False,3,19800.0,59400,6600
Chocolates & Candies,Kellogg's Original Corn Flakes,18500,5,6,17500,475,False,475,36842.1052631579,105000,1000
Chocolates & Candies,Pedigree Puppy Dry Dog Food Food Chicken & Milk,69000,6,2,64800,3000,False,3,21600.0,129600,4200
Chocolates & Candies,Kitchens Of India Rajma Masala,11000,30,5,7700,285,False,285,27017.543859649122,38500,3300
Chocolates & Candies,Kitchen Of India Ready-To-Eat Pindi Channa,11000,30,2,7700,285,False,285,27017.543859649122,15400,3300
Chocolates & Candies,Figaro Pitted Black Olive ,17900,0,6,17900,450,False,450,39777.77777777778,107400,0
Chocolates & Candies,Cantina Tabasco Red Sauce,14000,15,6,11900,60,False,60,198333.33333333334,71400,2100
Chocolates & Candies,Mother's Recipe Pickle - Mixed,14900,26,6,10900,500,False,500,21800.0,65400,4000
Chocolates & Candies,Nestle Cerelac Baby Cereal with Milk 5 Grains & Vegetables from 18 to 24 Month,27900,0,5,27900,300,False,300,93000.0,139500,0
Chocolates & Candies,Mother's Recipe Tamarind Paste,5000,2,2,4900,200,False,200,24500.0,9800,100
Chocolates & Candies,Pedigree Meat Jerky Adult Dog Treat Barbecued Chicken,14000,20,6,11200,80,False,80,140000.0,67200,2800
Chocolates & Candies,Veeba Peri Peri Sauce,16100,0,6,16100,300,False,300,53666.666666666664,96600,0
Chocolates & Candies,Pantai Sriracha Yellow Chilli Sauce,22500,15,6,19100,200,False,200,95500.0,114600,3400
Chocolates & Candies,Praakritik Organic Jumbo Rolled Oats,19000,11,6,16900,500,False,500,33800.0,101400,2100
Chocolates & Candies,Ching's Secret Just Soak - Whole Wheat Veg Hakka Noodles,12300,0,6,12300,600,False,600,20500.0,73800,0
Chocolates & Candies,Pantai Spring Roll Sauce,27500,10,6,24500,200,False,200,122500.0,147000,3000
Chocolates & Candies,MTR Vermicelli Payasam,7500,0,6,7500,180,False,180,41666.666666666664,45000,0
Chocolates & Candies,Bagrrys Corn Flakes,35000,0,6,35000,880,False,800,39772.72727272727,210000,0
Chocolates & Candies,MTR Ready To Eat Palak Paneer ,13500,11,6,12000,300,False,300,40000.0,72000,1500
Chocolates & Candies,Del Monte Red Chili Sauce,5500,0,5,5500,190,False,190,28947.36842105263,27500,0
Chocolates & Candies,Kitchens of India Mutter Paneer Mix,12000,30,4,8400,285,False,285,29473.684210526317,33600,3600
Chocolates & Candies,Pantai Green Curry Paste,6000,6,6,5600,50,False,50,112000.0,33600,400
Chocolates & Candies,The Laughing Cow Cheese Spread Plain,11000,0,6,11000,180,False,180,61111.11111111112,66000,0
Chocolates & Candies,MTR Dal Fry,11000,0,5,11000,300,False,300,36666.666666666664,55000,0
Chocolates & Candies,Pantai Fish Sauce,27500,14,6,23400,200,False,200,117000.0,140400,4100
Chocolates & Candies,Cantina Beans Mexican Beans,25000,14,6,21300,410,False,410,51951.21951219512,127800,3700
Chocolates & Candies,Ching's Secret Manchurian Instant Noodle,11400,0,6,11400,480,False,480,23750.0,68400,0
Chocolates & Candies,Remia Salad Italian Dressing ,23000,0,6,23000,250,False,250,92000.0,138000,0
Chocolates & Candies,Yummiez Veg Cheese Fingers Pouch,23000,0,4,23000,400,False,400,57500.0,92000,0
Chocolates & Candies,MTR Dal Makhani,11000,0,4,11000,300,False,300,36666.666666666664,44000,0
Chocolates & Candies,MTR Ready to Eat Pav Bhaji,11000,0,6,11000,300,False,300,36666.666666666664,66000,0
Chocolates & Candies,Weikfield Tomato Salsa Instant Pasta,2500,0,1,2500,77,False,77,32467.532467532466,2500,0
Chocolates & Candies,Nestlé CERELAC Baby Cereal with Milk,27200,0,1,27200,300,False,300,90666.66666666667,27200,0
Chocolates & Candies,Remia Salad Caesar Dressing,25000,0,6,25000,250,False,250,100000.0,150000,0
Chocolates & Candies,Bagrrys Fruit N Fibre Muesli Mixed Fruit,33000,0,6,33000,500,False,500,66000.0,198000,0
Chocolates & Candies,MTR Paneer Butter Masala & Veg Pulao,17500,9,4,15800,375,False,375,42133.333333333336,63200,1700
Chocolates & Candies,Sundrop Cocoa Nut Hazelnut Chocolatey Spread,12000,0,6,12000,160,False,160,75000.0,72000,0
Chocolates & Candies,Moi Soi Manchurian Sauce - For Stir Fry Marinade Spread & Dip,28000,50,6,14000,175,False,175,80000.0,84000,14000
Chocolates & Candies,Pedigree Dog Food Adult Meat & Rice,66000,7,2,60800,3000,False,3,20266.666666666664,121600,5200
Chocolates & Candies,Pantai Sriracha Green Chilli Sauce,22500,15,6,19100,200,False,200,95500.0,114600,3400
Chocolates & Candies,Pantai Chilli Garlic Sauce,27500,14,6,23400,200,False,200,117000.0,140400,4100
Chocolates & Candies,Pantai Dark Soy Sauce,27500,14,6,23400,200,False,200,117000.0,140400,4100
Chocolates & Candies,Yoga Bar Peanut Butter Dark Chocolate Jar,24900,0,4,24900,400,False,400,62250.0,99600,0
Chocolates & Candies,Cantina Tabasco Green Sauce,14000,15,6,11900,60,False,60,198333.33333333334,71400,2100
Chocolates & Candies,Pantai Pad Thai Sauce (Non-Veg),32500,9,5,29300,200,False,200,146500.0,146500,3200
Chocolates & Candies,Pantai Sweet Chilli Sauce,27500,14,6,23400,200,False,200,117000.0,140400,4100
Chocolates & Candies,Ching's Secret Schezwan Instant Noodle,11400,0,6,11400,480,False,480,23750.0,68400,0
Chocolates & Candies,Yummiez Chicken Garlic Fingers Pouch,25000,0,5,25000,400,False,400,62500.0,125000,0
Chocolates & Candies,Pediasure Premium Chocolate Powdered Health Drink,61000,0,2,61000,400,False,400,152500.0,122000,0
Chocolates & Candies,Chings Secret Hot Garlic Instant Noodles,9100,0,6,9100,60,False,60,151666.66666666666,54600,0
Chocolates & Candies,Godrej Yummiez Cheese Corn Nuggets ,23000,0,4,23000,400,False,400,57500.0,92000,0
Chocolates & Candies,Pantai Hot Chilli Sauce,27500,14,6,23400,200,False,200,117000.0,140400,4100
Chocolates & Candies,Knorr International Mexican Tomato Corn Soup ,6500,6,3,6100,52,False,52,117307.69230769231,18300,400
Chocolates & Candies,Bagrry's Fruit Fibre Muesli Mixed Fruit ,59500,0,5,59500,1000,False,1,59500.0,297500,0
Chocolates & Candies,MTR Roasted Vermicelli ,10500,0,4,10500,850,False,850,12352.94117647059,42000,0
Chocolates & Candies,Maggi 2-Minute Instant Noodles - Masala,4400,0,0,4400,280,True,280,15714.285714285714,0,0
Chocolates & Candies,"Kurkure Green Chutney, Rajasthani Style",2000,0,0,2000,90,True,90,22222.222222222223,0,0
Chocolates & Candies,Kellogg's Chocos Combo Pack,6000,6,0,5600,156,True,156,35897.4358974359,0,400
Chocolates & Candies,Kissan Mixed Fruit Jam ,15500,0,0,15500,500,True,500,31000.0,0,0
Chocolates & Candies,Lijjat Urad Papad,6000,5,0,5700,200,True,200,28500.0,0,300
Chocolates & Candies,Amul Cheese Spread Yummy Plain,8500,0,0,8500,200,True,200,42500.0,0,0
Chocolates & Candies,Mother's Recipe Ginger And Garlic Paste,5000,24,0,3800,200,True,200,19000.0,0,1200
Chocolates & Candies,Maggi Magic Cubes Chicken,4000,2,0,3900,40,True,40,97500.0,0,100
Chocolates & Candies,Pedigree Puppy Chicken Chunks in Gravy ,3500,2,0,3400,70,True,70,48571.42857142857,0,100
Chocolates & Candies,The Whole Truth Peanut Butter - Unsweetened & Crunchy,18500,20,0,14800,325,True,325,45538.46153846154,0,3700
Chocolates & Candies,Ching's Chow Mein Hakka Noodles Masala,1000,0,0,1000,20,True,20,50000.0,0,0
Chocolates & Candies,Safal Frozen Mixed Vegetables,6000,5,0,5700,500,True,500,11400.0,0,300
Chocolates & Candies,Safal Frozen Corn,4100,4,0,3900,200,True,200,19500.0,0,200
Chocolates & Candies,Amul Cheese Spread Spicy Garlic,8500,3,0,8200,200,True,200,41000.0,0,300
Chocolates & Candies,Ching's Secret Veg Hakka Noodles,10700,0,0,10700,600,True,600,17833.333333333332,0,0
Chocolates & Candies,Saffola Oats 100 % Natural,1500,0,0,1500,38,True,38,39473.68421052631,0,0
Chocolates & Candies,Lijjat Moong Papad,6000,5,0,5700,200,True,200,28500.0,0,300
Chocolates & Candies,Mothers Recipe Papad - Sabudana With Rock Salt,3100,9,0,2800,70,True,70,40000.0,0,300
Chocolates & Candies,Maggi Chilly Chow Cuppa Noodles,5000,0,0,5000,70,True,70,71428.57142857143,0,0
Chocolates & Candies,Veeba Favourites Eggless Burger Mayonnaise,6900,8,0,6300,250,True,250,25200.0,0,600
Chocolates & Candies,Sunfeast Yippee! Magic Masala Noodles,4800,6,0,4500,240,True,240,18750.0,0,300
Chocolates & Candies,Top Ramen Masala,9100,9,0,8200,560,True,560,14642.857142857143,0,900
Chocolates & Candies,Kelloggs Corn Flakes With Real Strawberry Pure,26500,10,0,23600,575,True,575,41043.47826086956,0,2900
Chocolates & Candies,Mother's Recipe Potato Papad,3100,9,0,2800,70,True,75,40000.0,0,300
Chocolates & Candies,Mothers Recipe Rice Papad Ajwain,2400,0,0,2400,75,True,75,32000.0,0,0
Chocolates & Candies,Chef's Basket Durum Wheat Penne Pasta,16000,50,0,8000,500,True,500,16000.0,0,8000
Chocolates & Candies,Dabur Hommade - Imli Sauce Saunth,2000,10,0,1800,100,True,100,18000.0,0,200
Chocolates & Candies,Zorabian Chicken Kheema Parathas,19000,0,0,19000,300,True,300,63333.333333333336,0,0
Chocolates & Candies,Sunfeast Pasta Treat Pack of Tomato Cheese,2800,17,0,2300,65,True,65,35384.61538461539,0,500
Chocolates & Candies,Safal Frozen - Sweet Corn,16000,5,0,15200,1000,True,1,15200.0,0,800
Chocolates & Candies,MTR Vegetable Upma,2500,0,0,2500,60,True,60,41666.666666666664,0,0
Chocolates & Candies,Del Monte Original Blend Tomato Ketchup Pouch,12000,7,0,11100,950,True,950,11684.21052631579,0,900
Chocolates & Candies,Del Monte Natural Vinegar ,5500,3,0,5300,180,True,180,29444.44444444444,0,200
Chocolates & Candies,Del Monte Eggless Mayo,13500,6,0,12600,500,True,500,25200.0,0,900
Chocolates & Candies,ITC Master Chef Cheesy Corn Triangles,16000,5,0,15200,320,True,320,47500.0,0,800
Chocolates & Candies,Mother's Recipe Mixed Pickle ,11500,4,0,11000,400,True,400,27500.0,0,500
Chocolates & Candies,Godrej Yummiez Chicken Breakfast Salami,15000,4,0,14300,250,True,250,57200.0,0,700
Chocolates & Candies,Hershey's Cocoa + Almond Spread,29500,9,0,26600,350,True,350,76000.0,0,2900
Chocolates & Candies,Maggi Special Masala Spicy Yummy Noodles,7200,0,0,7200,280,True,280,25714.285714285714,0,0
Chocolates & Candies,Del Monte Schezwan Sauce,5500,0,0,5500,190,True,190,28947.36842105263,0,0
Chocolates & Candies,Yummiez Green Peas,13500,0,0,13500,500,True,500,27000.0,0,0
Chocolates & Candies,Yummiez Green Peas,25000,0,0,25000,1000,True,1,25000.0,0,0
Chocolates & Candies,Yummiez American Sweet Corn,8500,0,0,8500,400,True,400,21250.0,0,0
Chocolates & Candies,Dr Oetker Cucumber & Carrot Sandwich Spread Veg,7900,0,0,7900,250,True,250,31600.0,0,0
Chocolates & Candies,Del Monte Pitted Green Olives,25000,0,0,25000,450,True,450,55555.555555555555,0,0
"Meats, Fish & Eggs",Arden Eggs White,9700,0,4,9700,696,False,12,13936.781609195401,38800,0
"Meats, Fish & Eggs",Arden Eggs White,6500,15,4,5500,348,False,6,15804.597701149425,22000,1000
"Meats, Fish & Eggs",Arden Eggs Brown,8500,7,4,7900,348,False,6,22701.149425287356,31600,600
"Meats, Fish & Eggs",Godrej Real Good Chicken Whole Pre-Cut,30000,10,4,27000,1000,False,1,27000.0,108000,3000
"Meats, Fish & Eggs",Zorabian Chicken Breast Boneless,14500,8,3,13300,250,False,250,53200.0,39900,1200
"Meats, Fish & Eggs",Godrej Real Good Chicken Curry Cut,17500,9,3,15800,500,False,500,31600.0,47400,1700
"Meats, Fish & Eggs",TGFC Chicken Curry Cut Fresh,24900,25,1,18600,500,False,500,37200.0,18600,6300
"Meats, Fish & Eggs",Arden Desi Eggs,11000,13,4,9500,348,False,6,27298.850574712644,38000,1500
"Meats, Fish & Eggs",Godrej Real Good Chicken Breast Boneless,27500,9,6,24800,450,False,450,55111.11111111112,148800,2700
"Meats, Fish & Eggs",Fresh Chicken Boneless Cubes (Halal),21500,5,1,20400,500,False,500,40800.0,20400,1100
"Meats, Fish & Eggs",Godrej Real Good Chicken Kheema,25500,9,3,23000,450,False,450,51111.11111111112,69000,2500
"Meats, Fish & Eggs",Suguna Sharp Egg ,7200,13,3,6200,348,False,6,17816.091954022988,18600,1000
"Meats, Fish & Eggs",TGFC Bombay Duck Whole Cleaned,31900,14,1,27400,500,False,500,54800.0,27400,4500
"Meats, Fish & Eggs",Zorabian Pre Cut Chicken Skinless (Half),16500,0,1,16500,500,False,500,33000.0,16500,0
"Meats, Fish & Eggs",Godrej Real Good Chicken Drumstick ,26500,9,2,23900,500,False,500,47800.0,47800,2600
"Meats, Fish & Eggs",Suguna Active - DHA,7200,13,4,6200,348,False,6,17816.091954022988,24800,1000
"Meats, Fish & Eggs",Godrej Real Good Chicken Marinated Lollipop ,20000,10,2,18000,580,False,10,31034.482758620692,36000,2000
"Meats, Fish & Eggs",Godrej Yummiez Chicken Nuggets,32500,9,1,29300,500,False,500,58600.0,29300,3200
"Meats, Fish & Eggs",Eastern Chicken Masala,7000,7,3,6500,100,False,100,65000.0,19500,500
"Meats, Fish & Eggs",Ching's Chicken Chilli Masala,1000,0,6,1000,20,False,20,50000.0,6000,0
"Meats, Fish & Eggs",Fresh Chicken Whole Leg - Skinless (Halal),16500,4,1,15700,500,False,500,31400.0,15700,800
"Meats, Fish & Eggs",Ceres Foods Fish Mustard Instant Liquid Masala,22000,50,6,11000,200,False,200,55000.0,66000,11000
"Meats, Fish & Eggs",TGFC Tilapia Curry Cut,25900,43,1,14700,500,False,500,29400.0,14700,11200
"Meats, Fish & Eggs",Godrej Yummiez Chicken Lucknowi Seekh Kebab,26000,10,4,23400,400,False,400,58500.0,93600,2600
"Meats, Fish & Eggs",Godrej Real Good Marinated Hot & Grill Chicken,24500,9,2,22100,450,False,450,49111.11111111112,44200,2400
"Meats, Fish & Eggs",Everest Meat Masala Powder,7400,9,3,6700,100,False,100,67000.0,20100,700
"Meats, Fish & Eggs",Suguna Heart- Omega3,7200,13,4,6200,348,False,6,17816.091954022988,24800,1000
"Meats, Fish & Eggs",Everest Powder - Egg Curry Masala,4000,2,6,3900,50,False,50,78000.0,23400,100
"Meats, Fish & Eggs",TGFC Chicken Boneless Fresh Whole,26100,14,1,22200,500,False,500,44400.0,22200,3900
"Meats, Fish & Eggs",Zorabian Chicken Smoked Ham,20500,5,1,19400,250,False,250,77600.0,19400,1100
"Meats, Fish & Eggs",Suguna Fit Egg,12000,43,4,6800,348,False,6,19540.22988505747,27200,5200
"Meats, Fish & Eggs",Everest Tandoori Chicken Masala,3900,2,5,3800,50,False,50,76000.0,19000,100
"Meats, Fish & Eggs",Godrej Yummiez Chilli Chicken Sausages ,16000,10,3,14400,250,False,250,57600.0,43200,1600
"Meats, Fish & Eggs",Godrej Yummiez Chicken Punjabi Tikka ,29500,9,6,26600,360,False,360,73888.88888888889,159600,2900
"Meats, Fish & Eggs",Eastern Fish Masala,4800,2,5,4700,100,False,100,47000.0,23500,100
"Meats, Fish & Eggs",TGFC Catla Bengali Cut,29000,29,1,20400,500,False,500,40800.0,20400,8600
"Meats, Fish & Eggs",Godrej Real Good Chicken Leg Boneless,27500,9,3,24800,450,False,450,55111.11111111112,74400,2700
"Meats, Fish & Eggs",TGFC Rohu Bengali Cut,24900,28,1,17900,500,False,500,35800.0,17900,7000
"Meats, Fish & Eggs",Godrej Real Good Chicken Lollypop,17500,9,1,15800,580,False,10,27241.37931034483,15800,1700
"Meats, Fish & Eggs",Godrej Real Good Chicken Liver Sealed ,7500,9,1,6800,200,False,200,34000.0,6800,700
"Meats, Fish & Eggs",Everest Tandoori Chicken Masala,7400,9,3,6700,100,False,100,67000.0,20100,700
"Meats, Fish & Eggs",Fresh Mutton Mince - Kheema (Halal),51500,3,1,49500,500,False,500,99000.0,49500,2000
"Meats, Fish & Eggs",Fresh Mutton Curry Cut Cubes (Halal),46500,4,1,44200,500,False,500,88400.0,44200,2300
"Meats, Fish & Eggs",Ceres Foods Laal Maas Instant Liquid Masala,22000,50,5,11000,200,False,200,55000.0,55000,11000
"Meats, Fish & Eggs",Godrej Real Good Chicken Legs ,21000,10,1,18900,116,False,2,162931.03448275864,18900,2100
"Meats, Fish & Eggs",Yummiez Chicken Breakfast Sausages,15000,0,3,15000,250,False,250,60000.0,45000,0
"Meats, Fish & Eggs",TGFC Basa Fillets,32900,24,1,24700,500,False,500,49400.0,24700,8200
"Meats, Fish & Eggs",Zorabian Chicken Legs Skinless,21000,0,1,21000,450,False,450,46666.666666666664,21000,0
"Meats, Fish & Eggs",Ceres Foods Nalli Nihari Instant Liquid Masala,22000,50,6,11000,200,False,200,55000.0,66000,11000
"Meats, Fish & Eggs",Yummiez Chicken Garlic Fingers Pouch,25000,0,5,25000,400,False,400,62500.0,125000,0
"Meats, Fish & Eggs",Suhana Spice Mix - Chicken Biryani,6600,0,6,6600,50,False,50,132000.0,39600,0
"Meats, Fish & Eggs",Suguna Nourish Egg,6200,0,0,6200,696,True,12,8908.045977011494,0,0
"Meats, Fish & Eggs",Fresh Chicken Curry Cut - Skinless (Halal),14000,0,0,14000,500,True,500,28000.0,0,0
"Meats, Fish & Eggs",Zorabian Chicken Breast Boneless ,14500,0,0,14500,450,True,450,32222.222222222223,0,0
"Meats, Fish & Eggs",Zorabian Chicken Kheema Parathas,19000,0,0,19000,300,True,300,63333.333333333336,0,0
"Meats, Fish & Eggs",Fresh Chicken Mince - Kheema (Halal),21500,5,0,20400,500,True,500,40800.0,0,1100
"Meats, Fish & Eggs",Godrej Real Good Chicken Boneless Cubes ,27500,9,0,24800,450,True,450,55111.11111111112,0,2700
"Meats, Fish & Eggs",Suguna Vitamin D Egg,7500,17,0,6200,348,True,6,17816.091954022988,0,1300
"Meats, Fish & Eggs",Suguna Nourish Egg ,7200,16,0,6000,348,True,6,17241.37931034483,0,1200
"Meats, Fish & Eggs",Zorabian Chicken Mince,25000,0,0,25000,450,True,450,55555.555555555555,0,0
"Meats, Fish & Eggs",Zorabian Chicken Leg Boneless ,25000,0,0,25000,450,True,450,55555.555555555555,0,0
"Meats, Fish & Eggs",Godrej Yummiez Chicken Breakfast Salami,15000,4,0,14300,250,True,250,57200.0,0,700
"Meats, Fish & Eggs",Zorabian Chicken Cubes,27000,0,0,27000,500,True,500,54000.0,0,0
Biscuits,Britannia Good Day Cashew Cookies,1000,0,6,1000,60,False,58,16666.666666666668,6000,0
Biscuits,Britannia 50-50 Maska Chaska Biscuits,3200,3,6,3100,120,False,120,25833.333333333332,18600,100
Biscuits,Dukes Waffy Chocolate Wafers,4500,51,4,2200,60,False,75,36666.666666666664,8800,2300
Biscuits,Britannia Nutri Choice Digestive Biscuit,4500,0,1,4500,200,False,150,22500.0,4500,0
Biscuits,Britannia Goodday Chocochip Cookies,12000,17,5,9900,400,False,400,24750.0,49500,2100
Biscuits,Britannia Good Day Pista Badam,4500,2,1,4400,200,False,200,22000.0,4400,100
Biscuits,Cadbury Chocobakes Chocolate Filled Cookies ,3000,0,5,3000,75,False,75,40000.0,15000,0
Biscuits,Dukes Waffy Strawberry Roll,15000,50,3,7500,250,False,250,30000.0,22500,7500
Biscuits,Parle Monaco Classic Salty Biscuits,7000,0,4,7000,400,False,400,17500.0,28000,0
Biscuits,Dukes Waffy Orange Wafers,4500,51,5,2200,60,False,75,36666.666666666664,11000,2300
Biscuits,Britannia Good Day Pista Badam,2000,0,6,2000,100,False,100,20000.0,12000,0
Biscuits,Britannia Milk Bikis Biscuits Packet,2000,0,3,2000,200,False,200,10000.0,6000,0
Biscuits,Britannia Toastea (Premium Bake Rusk),6500,0,6,6500,400,False,400,16250.0,39000,0
Biscuits,Dukes Waffy Strawberry Wafers,4500,51,2,2200,60,False,75,36666.666666666664,4400,2300
Biscuits,Britannia Toastea Premium Bake Rusk,3500,0,3,3500,182,False,182,19230.76923076923,10500,0
Biscuits,Lotte Choco Pie ,8000,10,3,7200,168,False,168,42857.142857142855,21600,800
Biscuits,Bauli Moonfils Choco Veg Puff Roll,1500,0,2,1500,45,False,45,33333.333333333336,3000,0
Biscuits,Sunfeast Dark Fantasy Choco Fills Cookies Packet,15000,15,3,12700,300,False,300,42333.333333333336,38100,2300
Biscuits,Britannia 50-50 Maska Chaska Biscuit,7500,10,6,6750,300,False,300,22500.0,40500,750
Biscuits,Britannnia 50-50 Sweet & Salty Biscuit,2500,0,4,2500,200,False,200,12500.0,10000,0
Biscuits,Britannia Good Day Chunky Cookies,5000,15,6,4250,120,False,120,35416.666666666664,25500,750
Biscuits,Sunfeast Marie Light,2300,13,1,2000,200,False,200,10000.0,2000,300
Biscuits,Britannia Bourbon Biscuit Buy 4 Get 1 Free,8000,10,2,7200,500,False,500,14400.0,14400,800
Biscuits,The Bake Shop Whole Wheat Oats Khari,6500,6,5,6100,200,False,200,30500.0,30500,400
Biscuits,Britannia Nutri Choice Oats Milk Almond Biscuit,2500,10,6,2250,75,False,75,30000.0,13500,250
Biscuits,Sunfeast Dark Fantasy Choco Creme,8000,27,4,5800,300,False,300,19333.333333333332,23200,2200
Biscuits,Lotte Choco Pie Chocolate Cake,2500,0,6,2500,56,False,56,44642.857142857145,15000,0
Biscuits,Sunfeast Mom's Magic Cashew & Almond Cookies Packet,3000,10,3,2700,200,False,200,13500.0,8100,300
Biscuits,Unibic SugarFree - Oatmeal Cookies,5000,16,3,4200,75,False,75,56000.0,12600,800
Biscuits,Parle Hide & Seek Cookies With Added Almonds,3000,3,1,2900,100,False,100,29000.0,2900,100
Biscuits,Unibic Fruit & Nut Cookies,2500,8,3,2300,67,False,67,34328.35820895522,6900,200
Biscuits,Sunfeast Yumfills Whoopie Pie,14000,25,5,10500,253,False,276,41501.97628458498,52500,3500
Biscuits,Britannia Toastea Premium Bake Rusk,11000,14,1,9400,700,False,700,13428.57142857143,9400,1600
Biscuits,McVitie's Marie biscuits with Goodness of Calcium,3000,0,6,3000,250,False,250,12000.0,18000,0
Biscuits,Britannia Treat Croissant Vanilla Creme Roll,2000,10,2,1800,47,False,47,38297.872340425536,3600,200
Biscuits,Unibic Honey Oatmeal Cookies,2500,8,6,2300,75,False,75,30666.666666666668,13800,200
Biscuits,Britannia Good Day Choco Chip Cookies,3000,3,6,2900,100,False,100,29000.0,17400,100
Biscuits,The Bake Shop Masala Cheese Crackers,9500,6,3,8900,100,False,100,89000.0,26700,600
Biscuits,Britannia Pure Magic Vanilla Creme Biscuit,3500,17,4,2900,100,False,100,29000.0,11600,600
Biscuits,Open Secret Assorted Story Box,10500,22,4,8100,75,False,75,108000.0,32400,2400
Biscuits,Cadbury Oreo Dipped Biscuit,7000,10,1,6300,150,False,150,42000.0,6300,700
Biscuits,Sunfeast Farmlite Oats & Almonds Biscuits Packet,6000,10,3,5400,150,False,150,36000.0,16200,600
Biscuits,Unibic SugarFree - Butter Cookies,5000,16,6,4200,75,False,75,56000.0,25200,800
Biscuits,Britannia Good Day Cashew Cookies Packet,12000,12,6,10560,600,False,600,17600.0,63360,1440
Biscuits,Dukes Sour & Cream Onion Nibbles Baked,5500,25,3,4100,150,False,150,27333.333333333332,12300,1400
Biscuits,Britannia Treat Croissant Vanilla Creme Roll,2000,0,6,2000,47,False,47,42553.1914893617,12000,0
Biscuits,Parle Hide & Seek Choco Rolls,5000,2,4,4900,120,False,120,40833.333333333336,19600,100
Biscuits,Britannia Treat Creme Wafers - Vanilla,4500,11,6,4000,60,False,1,66666.66666666667,24000,500
Biscuits,Parle Rusk Elaichi,4800,2,6,4700,300,False,300,15666.666666666666,28200,100
Biscuits,Lotte Choco Pie ,14000,6,2,13100,336,False,336,38988.095238095244,26200,900
Biscuits,Sunfeast Mom's Magic Cashew & Almond Biscuits,12000,15,6,10200,600,False,600,17000.0,61200,1800
Biscuits,Unibic Cashew Cookies,2500,8,6,2300,75,False,75,30666.666666666668,13800,200
Biscuits,Parle Monaco Jeffs Zeera Biscuit,6000,10,4,5400,200,False,200,27000.0,21600,600
Biscuits,"Unibic Snack Bar - Multigrain, Choco",4000,17,6,3300,30,False,30,110000.0,19800,700
Biscuits,The Bake Shop Methi Khari Simply Delicious,6500,6,2,6100,200,False,200,30500.0,12200,400
Biscuits,Britannia Treat Jimjam Family Pack (Buy 4 Get 1 Free),10000,0,6,10000,500,False,500,20000.0,60000,0
Biscuits,Open Secret Choco Almond Tiffin Pack,3500,22,3,2700,25,False,25,108000.0,8100,800
Biscuits,Lotte Choco Pie ,15000,20,6,12000,696,False,12,17241.37931034483,72000,3000
Biscuits,Baker Street Suji Rusk Large Pack,3000,10,6,2700,200,False,200,13500.0,16200,300
Biscuits,Parle Hide & Seek Choco Rolls,3000,0,1,3000,75,False,75,40000.0,3000,0
Biscuits,Sunfeast Dark Fantasy Vanilla Creme,8000,15,6,6800,300,False,300,22666.666666666668,40800,1200
Biscuits,Britannia Treat Burst Choco Creme Fills,3000,0,3,3000,120,False,120,25000.0,9000,0
Biscuits,Parle Milano Mixed Berries Cookies,3500,2,3,3400,75,False,75,45333.333333333336,10200,100
Biscuits,Karachi Bakery Cashew Biscuits ,21000,5,4,19900,400,False,400,49750.0,79600,1100
Biscuits,Britannia Pure Magic Choco Lush Cookies,12000,20,4,9600,300,False,300,32000.0,38400,2400
Biscuits,Britannia Treart Creme Wafers Chocolate,4500,11,6,4000,60,False,1,66666.66666666667,24000,500
Biscuits,Unibic Daily Digestive (Multigrain Cookies),3000,6,6,2800,75,False,75,37333.333333333336,16800,200
Biscuits,Cadbury Chocobakes Choc Filled Cookies,6000,0,6,6000,150,False,150,40000.0,36000,0
Biscuits,The Bake Shop Whole Wheat Multigrain Toast (Rusk),6000,6,2,5600,200,False,200,28000.0,11200,400
Biscuits,Unibic Choco Kiss Cookies,4500,15,5,3800,75,False,75,50666.666666666664,19000,700
Biscuits,Britannia Treat Creme Wafers - Orange,4500,11,6,4000,60,False,60,66666.66666666667,24000,500
Biscuits,Bauli Moonfills Pack of 4,6000,10,6,5400,180,False,190,30000.0,32400,600
Biscuits,Unibic Oatmeal Digestive Cookies ,5000,6,6,4700,150,False,150,31333.333333333332,28200,300
Biscuits,Orion Choco Pie - Chocolate Coated Soft Biscuit,15000,25,2,11200,336,False,336,33333.333333333336,22400,3800
Biscuits,Britannia Good Day Cashew Cookies Pack Of 6,12000,10,6,10800,120,False,120,90000.0,64800,1200
Biscuits,Parle Fab Bourbon,3000,0,3,3000,150,False,150,20000.0,9000,0
Biscuits,Open Secret White Choco Tiffin Pack,3500,22,1,2700,25,False,25,108000.0,2700,800
Biscuits,The Bake Shop Whole Wheat Bread Sticks,6000,6,1,5600,100,False,100,56000.0,5600,400
Biscuits,Unibic Assorted Cookies ,14900,8,6,13700,450,False,450,30444.44444444444,82200,1200
Biscuits,The Bake Shop Milk & Raisin Toast (Rusk),6000,6,4,5600,200,False,200,28000.0,22400,400
Biscuits,Lotte Choco Pie Cocoa Pie,9000,10,6,8100,168,False,168,48214.28571428572,48600,900
Biscuits,Bauli Moonfils Veg - Strawberry,1500,0,5,1500,45,False,47,33333.333333333336,7500,0
Biscuits,The Bake Shop Masala Lavash,7500,6,6,7000,100,False,200,70000.0,42000,500
Biscuits,Britannia Good Day Nut Cookies,3000,0,6,3000,120,False,120,25000.0,18000,0
Biscuits,Sunfeast Mom's Magic Rich Butter Cookies,3000,10,6,2700,200,False,200,13500.0,16200,300
Biscuits,The Bake Shop Whole Wheat Toast (Rusk) ,6000,6,4,5600,200,False,200,28000.0,22400,400
Biscuits,Open Secret Peanut Butter Story Box,10500,22,6,8100,75,False,75,108000.0,48600,2400
Biscuits,Open Secret White Choco Story Box,10500,22,6,8100,75,False,75,108000.0,48600,2400
Biscuits,The Bake Shop Whole Wheat Multigrain Lavash,7500,6,3,7000,100,False,200,70000.0,21000,500
Biscuits,McVitie's Oat Cookies,4500,0,2,4500,120,False,120,37500.0,9000,0
Biscuits,Britannia Tiger Krunch Biscuits,12000,0,4,12000,400,False,400,30000.0,48000,0
Biscuits,McVitie's Butter Cookies,3000,10,6,2700,200,False,200,13500.0,16200,300
Biscuits,Bauli Moonfils Strawberry,1500,0,5,1500,45,False,45,33333.333333333336,7500,0
Biscuits,Britannia Good Day Butter Cookies,8000,10,6,7200,600,False,600,12000.0,43200,800
Biscuits,Parle Hide & Seek Choco Rolls,6000,0,1,6000,120,False,120,50000.0,6000,0
Biscuits,The Bake Shop Jeera Ajwain Bread Sticks,6000,6,6,5600,100,False,100,56000.0,33600,400
Biscuits,Parle Fab!o Vanilla Creme Sandwich Biscuit,3000,3,6,2900,120,False,120,24166.666666666668,17400,100
Biscuits,Sunfeast Farmlite Nuts Digestive,7000,11,6,6200,250,False,250,24800.0,37200,800
Biscuits,Britannia Pure Magic - Chocolush,3500,2,6,3400,100,False,100,34000.0,20400,100
Biscuits,The Bake Shop Maska & Multigrain Cheese Crackers,13000,10,3,11600,100,False,150,116000.0,34800,1400
Biscuits,Britannia Nutri Choice Ragi Cookies,7000,10,6,6300,150,False,150,42000.0,37800,700
Biscuits,Sunfeast Farmlite 5 Seed Digestive,6000,0,2,6000,250,False,250,24000.0,12000,0
Biscuits,Dukes Nibbles - Ranch Crackers,5000,0,6,5000,150,False,150,33333.333333333336,30000,0
Biscuits,Danish Butter Cookies,35000,0,1,35000,400,False,400,87500.0,35000,0
Biscuits,The Bake Shop Sesame Seed Crackers,13000,10,4,11600,100,False,150,116000.0,46400,1400
Biscuits,Good Day Butter Cookies,1000,0,0,1000,75,True,75,13333.333333333334,0,0
Biscuits,Britannia Marie Gold Biscuits Packet,3000,0,0,3000,250,True,250,12000.0,0,0
Biscuits,Britannia Good Day Cashew Cookies,2000,0,0,2000,100,True,100,20000.0,0,0
Biscuits,Sunfeast Dark Fantasy Choco Fills,3500,8,0,3200,75,True,75,42666.666666666664,0,300
Biscuits,Britannia Nutri Choice Digestive Biscuits Packet,2500,0,0,2500,100,True,100,25000.0,0,0
Biscuits,Britannia Classic Little Hearts ,2500,0,0,2500,75,True,75,33333.333333333336,0,0
Biscuits,Britannia Good Day Cashew Cookies Packet,4000,5,0,3800,200,True,200,19000.0,0,200
Biscuits,Britannia Nice Time Biscuit,2500,0,0,2500,150,True,150,16666.666666666668,0,0
Biscuits,Britannia Milk Bikis Cream Biscuit,4500,0,0,4500,200,True,200,22500.0,0,0
Biscuits,Britannia Bourbon Chocolate Cream Biscuits,3500,2,0,3400,150,True,150,22666.666666666668,0,100
Biscuits,Dukes Waffy Chocolate Wafer Rolls ,15000,50,0,7500,250,True,250,30000.0,0,7500
Biscuits,Britannia Milk Bikis Milky Sandwich,2500,0,0,2500,120,True,120,20833.333333333332,0,0
Biscuits,Britannia Marie Gold Biscuit,2800,0,0,2800,200,True,200,14000.0,0,0
Biscuits,Britannia Marie Gold (Buy 4 Get 1 Free),8000,0,0,8000,600,True,600,13333.333333333334,0,0
Biscuits,Britannia 50-50 Maska Chaska Biscuit,1000,0,0,1000,46,True,45,21739.130434782608,0,0
Biscuits,Unibic Choco Nut Cookies,2500,8,0,2300,75,True,75,30666.666666666668,0,200
Biscuits,Britannia Vita Marie Gold Biscuit,4500,0,0,4500,300,True,300,15000.0,0,0
Biscuits,The Bake Shop Maska Khari,6500,6,0,6100,200,True,100,30500.0,0,400
Biscuits,Parle Fab! Jam-In Cream Filled ,3500,2,0,3400,150,True,150,22666.666666666668,0,100
Biscuits,Sunfeast Nice Biscuit,2500,12,0,2200,150,True,150,14666.666666666666,0,300
Biscuits,Britannia Nutrichoice 5 Grain Digestive Biscuits,7500,0,0,7500,200,True,200,37500.0,0,0
Biscuits,Cadbury Oreo Strawberry Bicuits,3000,3,0,2900,120,True,120,24166.666666666668,0,100
Biscuits,Sunfeast Mom's Magic Cashew & Almond Biscuit,1000,0,0,1000,60,True,60,16666.666666666668,0,0
Biscuits,Britannia Roll Yo! Strawberry Swiss Roll,1000,0,0,1000,28,True,28,35714.28571428572,0,0
Biscuits,Bauli Moonfils Choco Cream (With Egg),1500,0,0,1500,45,True,45,33333.333333333336,0,0
Biscuits,Britannia Nutri Choice Oats Choco Almond Biscuit,2500,10,0,2250,100,True,75,22500.0,0,250
Biscuits,Britannia Nutri Choice Cracker Sugar Free Biscuit,3500,0,0,3500,300,True,300,11666.666666666666,0,0
Biscuits,Cadbury Oreo Chocolatey Sandwich Biscuits Family Pack,8000,0,0,8000,300,True,300,26666.666666666668,0,0
Biscuits,Bauli Moonfils Orange Puff Roll,1500,0,0,1500,45,True,45,33333.333333333336,0,0
Biscuits,Britannia Treat Jimjam Cream Biscuits ,2500,0,0,2500,100,True,100,25000.0,0,0
Biscuits,Britannia Toastea Premium Bake Rusk,5000,6,0,4700,300,True,300,15666.666666666666,0,300
Biscuits,The Bake Shop Jeera Khari,6500,0,0,6500,200,True,200,32500.0,0,0
Biscuits,"Cadbury Oreo Creme Biscuit - Vanilla, Original 120 g",3000,3,0,2900,120,True,120,24166.666666666668,0,100
Biscuits,Britannia Good Day Cashew Cookies,23000,25,0,17200,1000,True,1,17200.0,0,5800
Biscuits,Bauli Moonfils - Vanilla,1500,0,0,1500,45,True,45,33333.333333333336,0,0
Biscuits,Britannia Roll Yo! Choco Swiss Roll (With Egg),1000,0,0,1000,28,True,28,35714.28571428572,0,0
Biscuits,Britannia Milk Bikis Cream Biscuit,7000,0,0,7000,500,True,500,14000.0,0,0
Biscuits,Open Secret Choco Almond Story Box,10500,22,0,8100,75,True,75,108000.0,0,2400
Biscuits,Parle Monaco Sixer Salted Biscuits ,6000,10,0,5400,200,True,200,27000.0,0,600
Biscuits,Sunfeast Dark Fantasy Bourbon Bliss,3500,17,0,2900,150,True,150,19333.333333333332,0,600
Biscuits,Patanjali Atta Doodh Rusk,4000,0,0,4000,300,True,300,13333.333333333334,0,0
Biscuits,Sunfeast Dark Fantasy Bourbon Bliss,3500,0,0,3500,150,True,150,23333.333333333332,0,0
Personal Care,Clove Sensitive Toothpaste with Anti-Sensitivity & Fluoride Formulation,16000,35,3,10400,80,False,80,130000.0,31200,5600
Personal Care,Dettol Original Germ Protection Alcohol Based Hand Sanitizer,2500,0,6,2500,50,False,50,50000.0,15000,0
Personal Care,Colgate Visible White Toothpaste,11500,10,6,10300,100,False,100,103000.0,61800,1200
Personal Care,Dettol SKincare Handwash Value Refill,10900,3,6,10500,750,False,750,14000.0,63000,400
Personal Care,Savlon Herbal Sensitive Liquid Handwash Refill Pouch,11500,4,6,11000,750,False,500,14666.666666666666,66000,500
Personal Care,Colgate Total 12 Whole Mouth Protection Toothpaste,12000,10,6,10800,120,False,120,90000.0,64800,1200
Personal Care,Lux International Creamy White Soap Bar,3500,2,6,3400,75,False,75,45333.333333333336,20400,100
Personal Care,Colgate Herbal Toothpaste,11400,18,2,9300,200,False,200,46500.0,18600,2100
Personal Care,Nivea Men Deodorant Fresh Active 48h Long lasting Freshness,22500,24,6,16900,150,False,150,112666.66666666667,101400,5600
Personal Care,Dabur Meswak Toothpaste,5800,5,6,5500,100,False,100,55000.0,33000,300
Personal Care,Colgate Max Fresh Cooling Crystals Toothpaste,10100,5,2,9500,150,False,150,63333.333333333336,19000,600
Personal Care,Indulekha Bhringa Hair Oil,43200,15,6,36700,100,False,100,367000.0,220200,6500
Personal Care,Colgate Sensitive Soft Bristles Toothbrush,5000,0,6,5000,58,False,1,86206.89655172414,30000,0
Personal Care,Pears Pure & Gentle Glycerin Bath Soap,7500,0,6,7500,125,False,125,60000.0,45000,0
Personal Care,Vaseline Skin Protecting Jelly,7900,13,6,6800,50,False,50,136000.0,40800,1100
Personal Care,Dettol Original Germ Protection Bathing Soap Bar,16600,5,4,15700,375,False,375,41866.666666666664,62800,900
Personal Care,Dettol Intense Cool Soap (B4G1),26000,5,6,24700,625,False,625,39520.0,148200,1300
Personal Care,Livon Anti-Frizz Serum,25000,10,3,22500,100,False,100,225000.0,67500,2500
Personal Care,Lifebuoy Germ Protection Care Soap Bar,3000,3,3,2900,100,False,125,29000.0,8700,100
Personal Care,Lux International Creamy White Soap Bar,7000,10,6,6300,125,False,125,50400.0,37800,700
Personal Care,Godrej Nupur – 100% Pure Henna (Mehendi),1000,0,6,1000,18,False,18,55555.555555555555,6000,0
Personal Care,Glow & Lovely Advanced Multivitamin Face Cream,21300,10,6,19000,110,False,110,172727.2727272727,114000,2300
Personal Care,Set Wet Style Vertical Hold Hair Gel,5000,10,4,4500,50,False,50,90000.0,18000,500
Personal Care,"Godrej Expert Rich Crème, Natural Black",3000,0,6,3000,20,False,20,150000.0,18000,0
Personal Care,Nycil Germ Expert Cool Herbal Talc,13000,8,1,11900,150,False,200,79333.33333333333,11900,1100
Personal Care,Godrej Expert Creme Hair Natural Brown Colour ,3000,0,6,3000,20,False,20,150000.0,18000,0
Personal Care,Veet Sensitive Skin Hair Removal Cream,13500,5,6,12800,50,False,50,256000.0,76800,700
Personal Care,Closeup Everfresh+ Anti-Germ Gel Toothpaste Red Hot,5000,2,1,4900,80,False,80,61250.0,4900,100
Personal Care,Pears Pure And Gentle Value Pack Of 3 Bathing Soap,19900,6,5,18600,375,False,375,49600.0,93000,1300
Personal Care,Gillette Presto Ready Shaver 5 Cartridges ,8800,6,6,8200,290,False,5,28275.862068965514,49200,600
Personal Care,Closeup Everfresh+ Anti-Germ Gel Toothpaste Red Hot,16000,10,4,14400,300,False,300,48000.0,57600,1600
Personal Care,"Godrej Expert Rich Crème, Dark Brown",3000,0,4,3000,20,False,20,150000.0,12000,0
Personal Care,Nivea Soft Light Moisturizer for Face Hand & Body Non-Sticky Cream with Vitamin E & Jojoba Oil ,18500,15,3,15700,100,False,100,157000.0,47100,2800
Personal Care,Fiama Gel Bar Celebration Pack Buy 4 Get 1 Free,29000,10,6,26100,625,False,625,41760.0,156600,2900
Personal Care,Gillette Sensitive Shaving Foam,22500,6,4,21000,418,False,418,50239.23444976076,84000,1500
Personal Care,Dove Hair Fall Rescue Shampoo,15000,6,5,14100,180,False,180,78333.33333333333,70500,900
Personal Care,Gillette Mach 3 Mens Razor Blades,49900,7,4,46000,232,False,4,198275.86206896554,184000,3900
Personal Care,Palmolive Aroma Absolute Relax Shower Gel,19900,20,2,15900,250,False,250,63600.0,31800,4000
Personal Care,Godrej Protekt Germ Fighter Handwash,9900,0,6,9900,750,False,750,13200.0,59400,0
Personal Care,Dettol Hand Sanitizer,10000,5,6,9500,200,False,200,47500.0,57000,500
Personal Care,Dabur Amla Hair Oil,8800,0,2,8800,180,False,180,48888.88888888888,17600,0
Personal Care,Dettol Original Liquid Handwash,8900,4,6,8500,200,False,200,42500.0,51000,400
Personal Care,L'Oreal Paris Total Repair 5 Conditioner,19900,0,6,19900,192,False,180,103645.83333333333,119400,0
Personal Care,Patanjali Saundarya Aloe Vera Gel,9000,0,5,9000,150,False,150,60000.0,45000,0
Personal Care,Head & Shoulders 2 In 1 Anti Dandruff Shampoo Conditioner ,19500,10,4,17400,180,False,180,96666.66666666667,69600,2100
Personal Care,Clean & Clear Pimple Clearing Face Wash,13000,10,2,11700,80,False,80,146250.0,23400,1300
Personal Care,Himalaya Anti Dandruff Shampoo,14000,8,2,12800,200,False,200,64000.0,25600,1200
Personal Care,Stayfree Secure Dry Cover Regular Sanitary Pad With Wings,3000,3,6,2900,406,False,7,7142.857142857143,17400,100
Personal Care,Savlon Moisture Shield Hand Wash,9900,4,6,9500,750,False,750,12666.666666666666,57000,400
Personal Care,Dove Intense Repair Conditioner,19000,14,6,16200,175,False,80,92571.42857142857,97200,2800
Personal Care,Dabur Gulabari Rose Glow Face Cleanse,7500,5,4,7100,100,False,100,71000.0,28400,400
Personal Care,Parachute Jasmine Hair Oil,8200,9,6,7400,190,False,190,38947.36842105263,44400,800
Personal Care,Johnson's Baby Skincare Wipes,7900,6,6,7400,1160,False,20,6379.310344827586,44400,500
Personal Care,Dettol Skincare Liquid Hand Wash,7900,0,6,7900,200,False,200,39500.0,47400,0
Personal Care,Old Spice Original Lather Shaving Cream,7500,9,6,6800,70,False,70,97142.85714285714,40800,700
Personal Care,Veet Hair Removal Cream Dry Skin,13500,5,5,12800,50,False,50,256000.0,64000,700
Personal Care,L'Oreal Paris Total Repair 5 Shampoo,26500,0,2,26500,396,False,360,66919.19191919192,53000,0
Personal Care,Fiama Menthol & Magnolia Cooling Gel Bar Soap,16000,11,6,14100,375,False,375,37600.0,84600,1900
Personal Care,Nivea Lip Balm Original Care for 24h Moisture with Shea Butter & Natural Oils,14000,15,6,11900,5,False,4,2380000.0,71400,2100
Personal Care,Oral-B Charcoal Deep Clean Stain Removal Toothbrush Soft,9900,0,3,9900,232,False,4,42672.41379310344,29700,0
Personal Care,Neutrogena Ultra Sheer Dry Touch SPF 50+ Sunblock Sunscreen Lotion,25000,10,3,22500,30,False,30,750000.0,67500,2500
Personal Care,Clinic Plus Strong & Long Health Shampoo,49900,10,3,44900,650,False,650,69076.92307692308,134700,5000
Personal Care,Johnson's Baby No More Tears Baby Shampoo,9800,0,5,9800,100,False,100,98000.0,49000,0
Personal Care,Colgate Zig Zag Toothbrush,12000,0,3,12000,348,False,6,34482.75862068966,36000,0
Personal Care,Savlon Moisture Shield Germ Protection Handwash Refill (Buy 1 Get 1 Free),18900,0,6,18900,1500,False,1500,12600.0,113400,0
Personal Care,Colgate Sensitive Everyday Protection Anticavity Toothpaste,7500,0,6,7500,40,False,40,187500.0,45000,0
Personal Care,Whisper Ultra Soft XL+ Sanitary Pads,33000,2,6,32300,30,False,30,1076666.6666666667,193800,700
Personal Care,Garnier Colour Naturals Hair Colour - 1 Natural Black,8000,0,1,8000,60,False,60,133333.33333333334,8000,0
Personal Care,Axe Pulse Men's Deodorant,21000,0,6,21000,150,False,150,140000.0,126000,0
Personal Care,Colgate Zigzag Charcoal Soft Bristle Toothbrush - 4 Pcs,9900,0,6,9900,232,False,4,42672.41379310344,59400,0
Personal Care,Whisper Ultra Clean Wings XL+  Pouch,44900,7,6,41500,44,False,44,943181.8181818181,249000,3400
Personal Care,Whisper Choice Regular Sanitary Pads,9000,0,6,9000,1160,False,20,7758.620689655173,54000,0
Personal Care,Axe Dark Temptation Men's Deodorant,21000,7,5,19400,150,False,150,129333.33333333334,97000,1600
Personal Care,Head & Shoulders Anti-Dandruff Smooth & Silky Shampoo,15000,0,4,15000,180,False,180,83333.33333333333,60000,0
Personal Care,Clinic Plus Strength & Shine Shampoo With Egg Protein ,10500,0,2,10500,175,False,175,60000.0,21000,0
Personal Care,Engage M1 Perfume Spray for Men ,21000,7,6,19400,120,False,120,161666.66666666666,116400,1600
Personal Care,Tresemme Keratin Smooth Conditioner,38000,0,3,38000,340,False,340,111764.70588235294,114000,0
Personal Care,"Garnier Color Naturals Crème Hair Color, Shade 5 Light Brown",18000,0,1,18000,100,False,100,180000.0,18000,0
Personal Care,Origami Aloe Vera Wipes,7500,13,4,6500,25,False,25,260000.0,26000,1000
Personal Care,"Engage Drizzle Deodorant For Women, Floral And Lavender, Skin Friendly",19500,10,6,17400,150,False,150,116000.0,104400,2100
Personal Care,Gellette Presto Ready Shaver,2000,0,1,2000,58,False,1,34482.75862068966,2000,0
Personal Care,Colgate Max Fresh Plax Mouthwash - Fresh Mint,15000,20,5,12000,250,False,250,48000.0,60000,3000
Personal Care,Colgate Zig Zag Charcoal Medium Toothbrush 4 Pcs,9900,0,6,9900,232,False,4,42672.41379310344,59400,0
Personal Care,Godrej Protekt,9900,0,3,9900,750,False,750,13200.0,29700,0
Personal Care,Colgate Total Charcoal Anticavity Toothpaste,11000,10,3,9900,120,False,120,82500.0,29700,1100
Personal Care,Colgate Kids 0-2 Extra Soft Tooth Brush,3000,16,6,2500,58,False,1,43103.44827586207,15000,500
Personal Care,Gillete Mach3 ,26000,10,6,23400,116,False,2,201724.13793103446,140400,2600
Personal Care,Maybelline New York Colossal Kajal Black,14900,0,2,14900,0,False,0,inf,29800,0
Personal Care,Godrej Cinthol Lime Talc,5500,0,3,5500,100,False,100,55000.0,16500,0
Personal Care,Hamam Soap Bar Neem Tulsi and Aloe Vera,5800,0,6,5800,150,False,150,38666.666666666664,34800,0
Personal Care,"Godrej Expert Rich Crème, Burgundy",3300,0,6,3300,20,False,20,165000.0,19800,0
Personal Care,Colgate Gentle Sensitive+ Toothbrush Pack Of 4,12000,10,4,10800,232,False,4,46551.72413793103,43200,1200
Personal Care,Nivea Creme All Season Multi-Purpose Cream ,17500,10,4,15700,100,False,100,157000.0,62800,1800
Personal Care,Oral-B Charcoal Deep Clean Stain Removal Toothbrush Medium,9900,0,1,9900,232,False,4,42672.41379310344,9900,0
Personal Care,Mamaearth 100% Natural Berry Blast Kids Toothpaste,14900,10,4,13400,50,False,50,268000.0,53600,1500
Personal Care,HImalaya Gentle Baby Wipes,20000,10,3,18000,72,False,72,250000.0,54000,2000
Personal Care,Stayfree Dry Max All Night XL Dry Cover Sanitary Pads,34000,12,6,29800,28,False,28,1064285.7142857143,178800,4200
Personal Care,"L'Oreal Paris Excellence Creme Hair Color, 1 Black",62000,0,1,62000,172,False,172,360465.1162790698,62000,0
Personal Care,Fem Fairness Naturals Saffron Skin Bleach,8500,15,4,7200,64,False,64,112500.0,28800,1300
Personal Care,Engage Woman Blush Body Deo Spray,19500,10,5,17400,150,False,150,116000.0,87000,2100
Personal Care,Dove Pink Rosa Beauty Bathinhg Bar,6000,0,6,6000,100,False,100,60000.0,36000,0
Personal Care,Sebamed Cleansing Bar,9900,10,4,8900,100,False,100,89000.0,35600,1000
Personal Care,Pampers Premium Care Pants - Large,109900,18,2,89900,44,False,44,2043181.8181818184,179800,20000
Personal Care,Nivea Women Deodorant Fresh Natural Long Lasting Freshness & 48h Protection,19900,20,2,15900,150,False,150,106000.0,31800,4000
Personal Care,"L'Oreal Paris Excellence Creme Hair Color, 3 Dark Brown/Natural Darkest Brown",62000,0,6,62000,172,False,172,360465.1162790698,372000,0
Personal Care,Patanjali Kesh Kanti Natural Hair Cleanser,7500,9,4,6800,200,False,200,34000.0,27200,700
Personal Care,Godrej No.1 Bathing Soap – Lime & Aloe Vera,14900,0,6,14900,600,False,600,24833.333333333332,89400,0
Personal Care,Pantene Advanced Control Hair Fall Solution Shampoo,12000,6,5,11200,180,False,180,62222.22222222222,56000,800
Personal Care,Veet Full Body Waxing Kit For Dry Skin,23500,7,6,21800,1160,False,20,18793.103448275862,130800,1700
Personal Care,Johnson's Baby Skincare Wipes,24500,9,6,22100,72,False,72,306944.44444444444,132600,2400
Personal Care,Gillette Lemon Lime Shaving Foam,19900,11,4,17700,196,False,196,90306.1224489796,70800,2200
Personal Care,Old Spice After Shave Lotion Musk,21500,6,3,20000,100,False,100,200000.0,60000,1500
Personal Care,Whisper Ultra Soft Air Fresh Sanitary Pads (XL) with Wings,31500,0,4,31500,30,False,30,1050000.0,126000,0
Personal Care,Himalaya Baby Powder,8000,8,4,7300,100,False,100,73000.0,29200,700
Personal Care,Fiama Men's Refreshing Pulse Shower Gel,22500,20,4,18000,250,False,250,72000.0,72000,4500
Personal Care,Whisper Ultra Clean XL Plus Sanitary Pad,17500,0,5,17500,870,False,15,20114.94252873563,87500,0
Personal Care,Johnson's Baby Powder,14300,0,6,14300,200,False,200,71500.0,85800,0
Personal Care,Dove Cream Beauty Bathing Bar,23500,9,6,21200,125,False,125,169600.0,127200,2300
Personal Care,Patanjali Kesh Kanti Shikakai Hair Cleanser,9500,0,4,9500,200,False,200,47500.0,38000,0
Personal Care,L'Oreal Paris Color Protect Conditioner,19900,0,3,19900,192,False,192,103645.83333333333,59700,0
Personal Care,Nivea Men Active Clean with Active Charcoal Shower Gel for Body Face & Hair,19900,4,5,19100,250,False,250,76400.0,95500,800
Personal Care,L'Oreal 6 Oil Nourish Conditioner,13500,0,1,13500,192,False,192,70312.5,13500,0
Personal Care,Godrej Easy Natural Black Hair Colour,2500,0,5,2500,20,False,20,125000.0,12500,0
Personal Care,Dabur Gulabari Rose Water Daily Glow,8000,6,2,7500,250,False,250,30000.0,15000,500
Personal Care,Himalaya Purifying Neem Face Wash,17000,10,6,15300,150,False,150,102000.0,91800,1700
Personal Care,Fem Fairness Naturals Gold Skin Bleach,6500,9,3,5900,24,False,24,245833.33333333334,17700,600
Personal Care,Whisper Choice Ultra XL Sanitary Pad,13300,2,5,13000,1160,False,20,11206.89655172414,65000,300
Personal Care,Dove Dandruff Care Shampoo,15800,6,5,14700,180,False,180,81666.66666666667,73500,1100
Personal Care,Head & Shoulders Anti Dandruff Anti Hairfall Shampoo,28500,0,5,28500,340,False,240,83823.52941176471,142500,0
Personal Care,L'Oreal Casting Creme Ebony Black Hair Color,55000,0,6,55000,159,False,87,345911.9496855346,330000,0
Personal Care,Mamaearth Onion Hair Oil,39900,10,6,35900,150,False,150,239333.33333333334,215400,4000
Personal Care,L'Oreal Paris Casting Creme Gloss Hair Color (Dark Brown 400),55000,0,4,55000,159,False,159,345911.9496855346,220000,0
Personal Care,Palmolive Naturals Sea Minerals Liquid Hand Wash,9900,10,6,8900,250,False,250,35600.0,53400,1000
Personal Care,Oral-B Extra Soft Bristles Sensitive ,9800,0,4,9800,232,False,4,42241.379310344826,39200,0
Personal Care,Engage M3 Perfume Spray for Men,20000,10,3,18000,120,False,120,150000.0,54000,2000
Personal Care,Mamaearth Deeply Nourishing wash for Babies,19900,0,4,19900,200,False,200,99500.0,79600,0
Personal Care,Dettol Original Soap (B4G1),26000,5,6,24700,625,False,625,39520.0,148200,1300
Personal Care,Woodward's Gripe Water,7500,0,6,7500,200,False,200,37500.0,45000,0
Personal Care,"MamyPoko Pants Extra Absorb Diapers, New Born",29900,6,5,27900,28,False,28,996428.5714285715,139500,2000
Personal Care,Johnson's Baby Soap,7000,0,6,7000,100,False,100,70000.0,42000,0
Personal Care,Engage M4 Perfume Spray For Men,20000,10,6,18000,120,False,120,150000.0,108000,2000
Personal Care,Fem Fairness Naturals Hair Removal Cream Fair & Soft - Gold,6500,10,4,5800,40,False,40,145000.0,23200,700
Personal Care,Dove Hair Fall Rescue Conditioner,19000,0,4,19000,175,False,175,108571.42857142857,76000,0
Personal Care,Himalaya Anti Hair Fall Shampoo,13000,12,2,11400,200,False,200,57000.0,22800,1600
Personal Care,Fiama Peach & Avocado Gel Bar,17600,10,3,15800,375,False,375,42133.333333333336,47400,1800
Personal Care,Pears Pure & Gentle Value Pack Of 4 Bathing Soap ,12500,0,6,12500,75,False,75,166666.66666666666,75000,0
Personal Care,Fiama Fresh Hand Wash,15000,6,3,14000,400,False,400,35000.0,42000,1000
Personal Care,Palmolive Black Orchid And Milk Liquid Hand Wash,9900,10,6,8900,250,False,250,35600.0,53400,1000
Personal Care,Oral-B Criss Cross Medium Toothbrush (Buy 2 Get 2 Free),16000,0,5,16000,232,False,4,68965.51724137932,80000,0
Personal Care,Gillette Mach 3 Turbo Razor,34900,6,5,32500,58,False,1,560344.8275862068,162500,2400
Personal Care,Himalaya Baby Lotion,16500,12,3,14500,200,False,200,72500.0,43500,2000
Personal Care,Head & Shoulders 2-in-1 Cool Menthol Anti Dandruff Shampoo + Conditioner,37500,0,1,37500,340,False,180,110294.11764705883,37500,0
Personal Care,Sunsilk Lusciously Thick & Long Shampoo,24900,6,6,23400,340,False,340,68823.52941176471,140400,1500
Personal Care,Fiama Di Wills Men's Refreshing Pulse Shower Gel,22500,4,3,21400,250,False,250,85600.0,64200,1100
Personal Care,Sebamed Anti - Dandruff Shampoo,60000,10,2,54000,200,False,200,270000.0,108000,6000
Personal Care,Listerine Cool Mint Mouthwash - Mild Taste,15000,10,6,13500,250,False,250,54000.0,81000,1500
Personal Care,"L'Oreal Paris Excellence Creme Hair Color, 4.25 Aishwarya's Brown",62000,0,6,62000,172,False,172,360465.1162790698,372000,0
Personal Care,Himalaya Gentle Baby Bath,16500,9,6,15000,200,False,200,75000.0,90000,1500
Personal Care,"L'Oreal Paris Casting Creme Gloss Hair Color, Medium Brown 500",55000,0,4,55000,160,False,159,343750.0,220000,0
Personal Care,L'Oreal Paris Color Protect Shampoo,28200,0,3,28200,360,False,360,78333.33333333333,84600,0
Personal Care,Fiama Di Wills Lemongrass & Jojoba Gel Bar,17600,10,6,15800,375,False,375,42133.333333333336,94800,1800
Personal Care,Colgate Plax Peppermint Mouthwash,15000,20,5,12000,250,False,250,48000.0,60000,3000
Personal Care,Dove Daily Shine Conditioner,9000,10,1,8100,80,False,80,101250.0,8100,900
Personal Care,Patanjali Kesh Kanti Anti Dandruff Hair Cleanser,11000,0,6,11000,200,False,200,55000.0,66000,0
Personal Care,Old Spice Original After Shave Lotion,25000,0,1,25000,150,False,150,166666.66666666666,25000,0
Personal Care,Dove Hair Fall Rescue Shampoo,13700,10,4,12300,180,False,180,68333.33333333333,49200,1400
Personal Care,Dettol Clinical Strength Hand Sanitizer Liquid,25000,10,6,22500,500,False,500,45000.0,135000,2500
Personal Care,Nivea Soft Light Moisturizer for Face Hand & Body Non-Sticky Cream with Vitamin E & Jojoba Oil,39900,20,3,31900,300,False,300,106333.33333333333,95700,8000
Personal Care,Comfy Baby Pants XL 12-17 kg,42900,15,1,36400,24,False,24,1516666.6666666667,36400,6500
Personal Care,Dettol Liquid Handwash With Free Liquid,9900,0,6,9900,200,False,200,49500.0,59400,0
Personal Care,Nivea Body Milk Lotion for Very Dry Skin,39900,20,6,31900,400,False,400,79750.0,191400,8000
Personal Care,Lakme Sun Expert,22500,0,6,22500,60,False,60,375000.0,135000,0
Personal Care,Head & shoulders Anti Dandruff Shampoo Cool Menthol,17000,0,6,17000,180,False,180,94444.44444444444,102000,0
Personal Care,Godrej Nupur Henna,7500,0,5,7500,150,False,120,50000.0,37500,0
Personal Care,Johnson's Baby Lotion,10000,0,4,10000,100,False,100,100000.0,40000,0
Personal Care,Himalaya Anti Dandruff Shampoo,14000,10,1,12600,200,False,200,63000.0,12600,1400
Personal Care,Maybelline New York Colossal Kajal Super Black,30000,8,3,27500,0,False,0,inf,82500,2500
Personal Care,Stayfree Dry-Max All Night Ultra-Dry Sanitary Pad,9000,10,6,8100,406,False,7,19950.738916256156,48600,900
Personal Care,Dove Daily Shine Shampoo,64500,5,3,61200,650,False,650,94153.84615384616,183600,3300
Personal Care,Godrej Easy 5 Minute Natural Brown 4 Hair Colour,2900,0,5,2900,20,False,20,145000.0,14500,0
Personal Care,Colgate Sensitive Plus Enamel Toothpaste Tube,14000,0,6,14000,160,False,160,87500.0,84000,0
Personal Care,Colgate Max Fresh Peppermint Toothpaste ,18200,15,6,15400,300,False,300,51333.333333333336,92400,2800
Personal Care,Pond's Light Moisturiser,30900,10,6,27800,250,False,250,111200.0,166800,3100
Personal Care,Engage Mate For Man Deo Spray,19500,10,5,17400,150,False,150,116000.0,87000,2100
Personal Care,Pantene Advanced Hair Fall Solution Shampoo - Total Damage Care,12000,0,5,12000,180,False,180,66666.66666666667,60000,0
Personal Care,Whisper Choice Regular Wing Sanitary Pad,3000,0,2,3000,406,False,7,7389.162561576355,6000,0
Personal Care,Colgate Slim Soft Charcoal Toothbrush,15000,18,4,12300,232,False,4,53017.24137931034,49200,2700
Personal Care,Fiama Scents Juniper & Geranium Body Wash,19900,6,5,18600,250,False,250,74400.0,93000,1300
Personal Care,Mamaearth Ubtan Body Lotion,39900,15,4,33900,400,False,400,84750.0,135600,6000
Personal Care,Godrej Aer Power Pocket - Long Lasting Bathroom Fragrance Floral Delight,5500,0,6,5500,10,False,10,550000.0,33000,0
Personal Care,Himalaya Anti-Hair Fall Shampoo,23000,18,1,18800,400,False,400,47000.0,18800,4200
Personal Care,Nivea Soft Light Moisturizer for Face Hand & Body Non-Sticky Cream with Vitamin E & Jojoba Oil,31000,15,6,26300,200,False,200,131500.0,157800,4700
Personal Care,Engage M2 Perfume Spray For Men,20000,10,6,18000,120,False,120,150000.0,108000,2000
Personal Care,Listerine Cool Mint Mouthwash - Mild Taste,15000,10,6,13500,250,False,250,54000.0,81000,1500
Personal Care,Mamaearth Ubtan Face Scrub Turmeric & Walnut,34900,10,1,31400,100,False,100,314000.0,31400,3500
Personal Care,Himalaya Purifying Neem Face Wash Tube,27000,15,6,22900,300,False,300,76333.33333333333,137400,4100
Personal Care,Johnson's Baby Top To Toe Bath Body Wash,16500,0,4,16500,210,False,210,78571.42857142857,66000,0
Personal Care,Gillette Mach 3 Start,24900,0,6,24900,116,False,2,214655.1724137931,149400,0
Personal Care,Scalpe Pro Anti dandruff Shampoo 100ml,18500,0,2,18500,100,False,100,185000.0,37000,0
Personal Care,Johnson's Baby Cream,15000,0,6,15000,100,False,100,150000.0,90000,0
Personal Care,Johnson's Baby Soap,10500,0,6,10500,150,False,150,70000.0,63000,0
Personal Care,Himalaya Gentle Baby Shampoo,32000,17,6,26500,400,False,400,66250.0,159000,5500
Personal Care,L'Oreal Paris Shine Masque Royal Jelly Hair Colour,55000,0,3,55000,88,False,87,625000.0,165000,0
Personal Care,Engage Rush Deodorant For Men,19000,11,6,16900,150,False,150,112666.66666666667,101400,2100
Personal Care,Clean & Clear Foaming Face Wash,14000,10,4,12600,100,False,100,126000.0,50400,1400
Personal Care,Dettol Lather Shaving Cream,7500,5,6,7100,78,False,78,91025.64102564102,42600,400
Personal Care,Gillette Classic Regular Pre Shave Foam,19900,0,4,19900,196,False,196,101530.61224489796,79600,0
Personal Care,Dove Daily Shine Conditioner,19000,0,6,19000,175,False,180,108571.42857142857,114000,0
Personal Care,Johnson's Baby Shampoo,18000,0,6,18000,200,False,200,90000.0,108000,0
Personal Care,Park Avenue Beer Shampoo ,15500,9,4,14000,180,False,180,77777.77777777777,56000,1500
Personal Care,Pantene Advanced Hair Fall Solution Silky Smooth Care Shampoo,12000,6,6,11200,180,False,180,62222.22222222222,67200,800
Personal Care,Fem Fairness Naturals Hair Removal Cream Fair & Soft - Rose,6500,10,6,5800,40,False,40,145000.0,34800,700
Personal Care,Sunsilk Stunning Black Shine Shampoo,55500,6,6,52100,650,False,650,80153.84615384616,312600,3400
Personal Care,Dabur Meswak Toothpaste,10000,0,1,10000,200,False,200,50000.0,10000,0
Personal Care,Patanjali Kesh Kanti Reetha Hair Cleanser,8500,0,5,8500,200,False,200,42500.0,42500,0
Personal Care,Nivea Lip Balm Soft Rose for 24h Moisture with Natural Oils Delicate Rose Shine,18500,8,6,16900,5,False,4,3380000.0,101400,1600
Personal Care,Santoor Total Skin Care Soap With Sandal & Turmeric,18000,0,6,18000,600,False,600,30000.0,108000,0
Personal Care,"L'Oreal Paris Excellence Creme Hair Color, 4 Natural Brown/Natural Dark Brown",62000,0,1,62000,172,False,172,360465.1162790698,62000,0
Personal Care,Gillette Pre Shave Foam - Classic Regular Skin,22500,0,6,22500,418,False,418,53827.75119617225,135000,0
Personal Care,Fiama Di Wills Shower Gel Patchouli & Macadamia,19900,10,6,17900,250,False,250,71600.0,107400,2000
Personal Care,Listerine Fresh Burst Mouthwash,14000,10,4,12600,250,False,250,50400.0,50400,1400
Personal Care,Nivea Cocoa Nourish Body Lotion With Coconut Oil & Cocoa Butter For Very Dry Skin ,29900,17,5,24700,200,False,200,123500.0,123500,5200
Personal Care,Pantene Hair Fall Control Shampoo,24000,7,2,22100,340,False,340,65000.0,44200,1900
Personal Care,Fogg Master - Royal Intense,25000,0,5,25000,120,False,120,208333.33333333334,125000,0
Personal Care,TRESemme Smooth And Shine Conditioner,22000,0,5,22000,190,False,190,115789.47368421052,110000,0
Personal Care,Whisper Ultra Clean XL Plus Sanitary Pad,15500,0,6,15500,870,False,15,17816.091954022988,93000,0
Personal Care,"Colgate Kids Toothpaste - 6+ Years, Strawberry Flavour",9300,5,6,8800,80,False,80,110000.0,52800,500
Personal Care,Nivea Soft Moisturizing Cream,31000,12,1,27200,200,False,200,136000.0,27200,3800
Personal Care,Patanjali Kesh Kanti Aloe Vera Hair Cleanser,8500,0,5,8500,200,False,200,42500.0,42500,0
Personal Care,Neutrogena Deep Clean Foaming Cleanser,13000,11,2,11500,50,False,50,230000.0,23000,1500
Personal Care,Clean & Clear Morning Energy Berry Face Wash,15500,6,6,14500,100,False,100,145000.0,87000,1000
Personal Care,Pampers Premium Care New Baby Pants,32000,0,4,32000,24,False,24,1333333.3333333333,128000,0
Personal Care,Vaseline Intensive Care Aloe Fresh,22500,9,6,20300,200,False,200,101500.0,121800,2200
Personal Care,L'Oreal Paris Dream Lengths Shampoo,14900,0,6,14900,192,False,192,77604.16666666667,89400,0
Personal Care,Johnson's Baby Oil,11500,0,4,11500,100,False,100,115000.0,46000,0
Personal Care,Engage Man Rush Deodorant,19500,9,6,17600,150,False,150,117333.33333333333,105600,1900
Personal Care,Pantene Advanced Hair Fall Solution Shampoo - Total Damage Care,26400,0,6,26400,340,False,340,77647.05882352941,158400,0
Personal Care,Whisper Daily Liners Clean and Fresh,10500,0,4,10500,1160,False,20,9051.724137931034,42000,0
Personal Care,Himalaya Men Pimple Clear Neem Face Wash,18000,9,2,16300,100,False,100,163000.0,32600,1700
Personal Care,Pantene Adv Hairfall Solution Conditioner Silky Smooth,19000,0,5,19000,200,False,200,95000.0,95000,0
Personal Care,Himalaya Prickly Heat Baby Powder,9000,10,6,8100,100,False,100,81000.0,48600,900
Personal Care,Mamaearth Daily Moisturizing Lotion For Babies,19900,0,6,19900,200,False,200,99500.0,119400,0
Personal Care,Stayfree Advanced XL Ultra Comfort Sanitary napkins with Wings,17500,0,3,17500,812,False,14,21551.724137931036,52500,0
Personal Care,Pampers Premium Care Pants - Medium,109900,18,6,89900,54,False,54,1664814.8148148148,539400,20000
Personal Care,Fiama Men's Refreshing Pulse Shower Gel,19900,10,6,17900,250,False,250,71600.0,107400,2000
Personal Care,Vaseline Original Skin Protecting Jelly,12500,10,6,11200,100,False,100,112000.0,67200,1300
Personal Care,Clean & Clear Foaming Face Wash,18000,10,6,16200,150,False,150,108000.0,97200,1800
Personal Care,Fiama Lemongrass and Jojoba Shower Gel,22500,20,6,18000,250,False,250,72000.0,108000,4500
Personal Care,Oral-B Charcoal Cross Cross Extra Soft Toothbrush (Buy 2 Get 1 Free),18000,0,1,18000,174,False,3,103448.27586206897,18000,0
Personal Care,Listerine Fresh Burst Mouthwash,28500,7,6,26300,500,False,500,52600.0,157800,2200
Personal Care,Veet Full Body Waxing Kit,23500,7,6,21800,1160,False,20,18793.103448275862,130800,1700
Personal Care,Listerine Original Mouthwash,5500,9,6,5000,80,False,80,62500.0,30000,500
Personal Care,Santoor Almond Soft With Sandal & Almond Milk,18000,0,2,18000,625,False,625,28800.0,36000,0
Personal Care,Nivea Body Shea Smooth with Shea Butter for Dry Skin,42500,20,5,34000,400,False,9,85000.0,170000,8500
Personal Care,Neutrogena Deep Clean Facial Cleanser,13000,0,4,13000,50,False,50,260000.0,52000,0
Personal Care,"L'Oreal Paris Excellence Creme Hair Color, 3.16 Burgundy",55000,0,3,55000,159,False,172,345911.9496855346,165000,0
Personal Care,Johnson's Baby Powder,23500,0,6,23500,400,False,400,58750.0,141000,0
Personal Care,Bombay Shaving Company Charcoal Face Wash,24900,0,4,24900,100,False,100,249000.0,99600,0
Personal Care,Colgate Kids 2+ Years Extra Soft Toothbrush,2000,0,3,2000,58,False,1,34482.75862068966,6000,0
Personal Care,Veet Hair Removal Cream (Normal Skin),13500,5,6,12800,50,False,50,256000.0,76800,700
Personal Care,Dove Daily Shine Shampoo,24000,0,4,24000,340,False,340,70588.23529411765,96000,0
Personal Care,L'Oreal Anti Hair Fall Conditioner,19900,0,6,19900,192,False,192,103645.83333333333,119400,0
Personal Care,Nivea Body Lotion Aloe Hydration For Normal Skin ,27500,10,6,24700,200,False,200,123500.0,148200,2800
Personal Care,Pampers Pants - Large,154900,45,3,84900,82,False,82,1035365.8536585364,254700,70000
Personal Care,"Engage Urge Deodorant For Men, Citrus And Woody, Skin Friendly",19500,10,6,17400,150,False,150,116000.0,104400,2100
Personal Care,Head & Shoulders 2 In 1 Anti Dandruff Smooth & Silky Shampoo+Conditioner,37500,10,6,33400,340,False,340,98235.29411764706,200400,4100
Personal Care,Fem Fairness Natural Gold Skin Bleach,8500,7,4,7900,64,False,64,123437.5,31600,600
Personal Care,Engage Deo Frost,19500,9,6,17600,150,False,150,117333.33333333333,105600,1900
Personal Care,Stayfree Secure XL Size Sanitary Napkins,11500,0,5,11500,1160,False,20,9913.793103448275,57500,0
Personal Care,Pampers Pants - Medium,69900,21,1,54900,50,False,50,1098000.0,54900,15000
Personal Care,Pampers Active Baby Diapers New Born Extra Small ,109900,22,3,84900,72,False,72,1179166.6666666667,254700,25000
Personal Care,"Nivea Creme, All Season Multi-Purpose Cream",17500,9,6,15800,100,False,100,158000.0,94800,1700
Personal Care,Woodwards Gripe Water ,5000,0,4,5000,130,False,130,38461.53846153846,20000,0
Personal Care,Clean & Clear Morning Energy Aqua Splash Face Wash,14500,9,5,13100,100,False,100,131000.0,65500,1400
Personal Care,Sunsilk Lusciously Thick & Long Shampoo,55500,6,6,52100,650,False,650,80153.84615384616,312600,3400
Personal Care,Mamaearth Skin Correct Face Serum,59900,15,1,50900,30,False,30,1696666.6666666667,50900,9000
Personal Care,Chik Hairfall Prevent Egg Shampoo,17800,0,6,17800,340,False,340,52352.94117647059,106800,0
Personal Care,Pantene Silky Smooth Care Shampoo,22500,6,3,21000,340,False,340,61764.705882352944,63000,1500
Personal Care,"Garnier Skin Naturals, Micellar Cleansing Water",19900,5,4,18900,125,False,125,151200.0,75600,1000
Personal Care,Set Wet Swag Avatar Deodorant & Body Spray Perfume For Men,19900,0,1,19900,150,False,150,132666.66666666666,19900,0
Personal Care,Pampers All Round Protection Pants - Medium,69900,17,6,57500,50,False,50,1150000.0,345000,12400
Personal Care,Set Wet Deodrant Charm Avatar,19900,0,1,19900,150,False,150,132666.66666666666,19900,0
Personal Care,Nupur Heena Mehandi,19900,0,6,19900,500,False,500,39800.0,119400,0
Personal Care,Head & Shoulders 2-in-1 Active Protect Shampoo,37500,9,6,33800,340,False,340,99411.76470588235,202800,3700
Personal Care,Gillette Mach 3 Turbo Cartridges,64900,10,6,57800,232,False,4,249137.93103448275,346800,7100
Personal Care,TRESemme Smooth And Shine Conditioner,21000,13,1,18200,190,False,190,95789.47368421052,18200,2800
Personal Care,Bombay Shaving Company Sensitive Cartridges,37500,0,2,37500,116,False,2,323275.8620689655,75000,0
Personal Care,Himalaya Baby Lotion,30000,12,1,26400,400,False,400,66000.0,26400,3600
Personal Care,Old Spice Lime Lather Shaving Cream,7500,0,6,7500,70,False,70,107142.85714285714,45000,0
Personal Care,Colgate Sensitive Plus Anticavity Toothpaste ,14000,10,6,12600,70,False,70,180000.0,75600,1400
Personal Care,Colgate Toothpaste For Kids Motu Oatlu,9300,0,6,9300,80,False,80,116250.0,55800,0
Personal Care,Pantene Total Damage Care Shampoo,12000,0,6,12000,180,False,180,66666.66666666667,72000,0
Personal Care,Himalaya Moisturising Aloe Vera Facial Wipes,10000,10,6,9000,25,False,25,360000.0,54000,1000
Personal Care,Savlon Moisture Shield Hand Wash,6900,0,5,6900,200,False,200,34500.0,34500,0
Personal Care,Pampers Active Baby Diapers New Born Extra Small,36000,10,6,32400,24,False,24,1350000.0,194400,3600
Personal Care,Himalaya Anti Dandruff Shampoo,26000,18,1,21300,400,False,400,53250.0,21300,4700
Personal Care,Himalaya Anti Hair Fall Shampoo,49000,25,4,36700,700,False,700,52428.57142857143,146800,12300
Personal Care,Johnson's Baby Oil,20000,0,6,20000,200,False,200,100000.0,120000,0
Personal Care,Vaseline Intensive Care Deep Moisture Body Lotion,32500,0,4,32500,400,False,400,81250.0,130000,0
Personal Care,L'Oreal Paris Dream Lengths Conditioner,19900,0,1,19900,193,False,193,103108.80829015544,19900,0
Personal Care,Nivea Soft Light Moisturizing Cream,18500,15,6,15700,100,False,100,157000.0,94200,2800
Personal Care,Whisper Ultra Soft XL+ Sanitary Pads,55500,0,1,55500,60,False,60,925000.0,55500,0
Personal Care,Palmolive Feel The Massage Shower Gel,24900,20,6,19900,250,False,250,79600.0,119400,5000
Personal Care,L'Oreal Paris Dream Lengths Conditioner,20900,0,3,20900,193,False,193,108290.15544041451,62700,0
Personal Care,Head & Shoulders Anti-Dandruff Smooth & Silky Shampoo,28500,6,6,26600,340,False,340,78235.29411764706,159600,1900
Personal Care,Mamaearth Moisturizing Baby Bath Soap,24900,0,4,24900,150,False,150,166000.0,99600,0
Personal Care,Listerine Original Mouthwash,15000,10,6,13500,250,False,250,54000.0,81000,1500
Personal Care,Himalaya Gentle Baby Shampoo,17000,14,6,14600,200,False,200,73000.0,87600,2400
Personal Care,Dove Dryness Care Shampoo,26800,5,1,25200,340,False,340,74117.64705882354,25200,1600
Personal Care,Dove Hair Fall Rescue Shampoo,28000,15,6,23600,340,False,340,69411.76470588235,141600,4400
Personal Care,Head & Shoulders Anti Dandruff Shampoo Cool Menthol,29500,9,6,26600,340,False,340,78235.29411764706,159600,2900
Personal Care,Bombay Shaving Company Defender Razor,34500,0,6,34500,58,False,1,594827.5862068965,207000,0
Personal Care,"Head & Shoulders Shampoo + Conditioner - 2-In-1, Cool Menthol",36500,0,1,36500,340,False,340,107352.94117647059,36500,0
Personal Care,Himalaya Baby Nourishing Massage Oil,20000,20,2,16000,200,False,250,80000.0,32000,4000
Personal Care,Himalaya Baby Powder,23500,20,6,18800,400,False,400,47000.0,112800,4700
Personal Care,Fogg Paradise Fragrant Body Spray For Women ,25000,0,6,25000,150,False,150,166666.66666666666,150000,0
Personal Care,Revive Revive Liquid,7100,0,6,7100,200,False,200,35500.0,42600,0
Personal Care,Pantene Hairfall Control Conditioner,19000,6,6,17800,200,False,200,89000.0,106800,1200
Personal Care,Mamaearth Vitamin C Face Toner,39900,0,1,39900,200,False,200,199500.0,39900,0
Personal Care,Himalaya Diaper Rash Cream,8000,10,2,7200,20,False,20,360000.0,14400,800
Personal Care,Fogg Royal Fragrance Spray,23000,0,4,23000,150,False,120,153333.33333333334,92000,0
Personal Care,Dove Pink Rosa Beauty Bathing Bar,24500,9,6,22100,100,False,100,221000.0,132600,2400
Personal Care,Dove Dryness Care Conditioner Frizzy & Dry Hair,9000,6,4,8400,80,False,80,105000.0,33600,600
Personal Care,Dettol Original Liquid Handwash Refill,10900,3,0,10500,750,True,750,14000.0,0,400
Personal Care,Parachute 100% Pure Coconut Oil,12300,0,0,12300,300,True,300,41000.0,0,0
Personal Care,Stayfree Secure Cottony Soft Cover Sanitary Pad (Regular) with Wings,3000,3,0,2900,406,True,7,7142.857142857143,0,100
Personal Care,Dabur Gulabari Premium Rose Water,4800,2,0,4700,120,True,120,39166.666666666664,0,100
Personal Care,Parachute Advansed Gold Coconut Hair Oil,21500,9,0,19400,400,True,400,48500.0,0,2100
Personal Care,Closeup Everfresh+ Anti-Germ Gel Toothpaste Red Hot,9000,10,0,8100,150,True,150,54000.0,0,900
Personal Care,Godrej No.1 Bathing Soap – Lime & Aloe Vera,10000,16,0,8400,500,True,100,16800.0,0,1600
Personal Care,Sensodyne Sensitive Fresh Gel Toothpaste,11500,7,0,10600,75,True,75,141333.33333333334,0,900
Personal Care,Whisper Bindazzz Nights XL + Sanitary Pad,9000,0,0,9000,406,True,7,22167.487684729065,0,0
Personal Care,Whisper Choice Sanitary Pad ,3200,9,0,2900,406,True,7,7142.857142857143,0,300
Personal Care,"Godrej No.1 Bathing Soap, Jasmine",8400,0,0,8400,400,True,100,21000.0,0,0
Personal Care,Gillette Venus Close & Clean Razor ,24900,7,0,23000,58,True,1,396551.7241379311,0,1900
Personal Care,Whisper Choice Regular Sanitary Pads,9000,3,0,8700,58,True,20,150000.0,0,300
Personal Care,Stayfree Secure Dry Cover Extra Large Sanitary Pad,4200,2,0,4100,406,True,7,10098.522167487685,0,100
Personal Care,Oxylife Natural Radiance 5 Creme Bleach - With Active Oxygen,8200,9,0,7400,27,True,27,274074.0740740741,0,800
Personal Care,Clean & Clear Morning Energy Lemon Face Wash,14500,9,0,13100,100,True,100,131000.0,0,1400
Personal Care,Bajaj Almond Drops Hair Oil,6700,10,0,6000,100,True,100,60000.0,0,700
Personal Care,Bajaj Almond Drops Hair Oil Bottle,13000,7,0,12000,200,True,200,60000.0,0,1000
Personal Care,Whisper Bindazzz Night Sanitary Pads XL Plus,18500,0,0,18500,870,True,15,21264.367816091955,0,0
Personal Care,Godrej Cinthol Lime Refreshing Deo Soap,11600,0,0,11600,400,True,400,29000.0,0,0
Personal Care,"MamyPoko Pants Standard Diapers, Extra Large (12 - 17 kg)",39900,7,0,36900,26,True,26,1419230.7692307692,0,3000
Paan Corner,Clove Sensitive Toothpaste with Anti-Sensitivity & Fluoride Formulation,16000,35,3,10400,80,False,80,130000.0,31200,5600
Paan Corner,Dettol Original Germ Protection Alcohol Based Hand Sanitizer,2500,0,6,2500,50,False,50,50000.0,15000,0
Paan Corner,Colgate Visible White Toothpaste,11500,10,6,10300,100,False,100,103000.0,61800,1200
Paan Corner,Dettol SKincare Handwash Value Refill,10900,3,6,10500,750,False,750,14000.0,63000,400
Paan Corner,Savlon Herbal Sensitive Liquid Handwash Refill Pouch,11500,4,6,11000,750,False,500,14666.666666666666,66000,500
Paan Corner,Colgate Total 12 Whole Mouth Protection Toothpaste,12000,10,6,10800,120,False,120,90000.0,64800,1200
Paan Corner,Lux International Creamy White Soap Bar,3500,2,6,3400,75,False,75,45333.333333333336,20400,100
Paan Corner,Colgate Herbal Toothpaste,11400,18,2,9300,200,False,200,46500.0,18600,2100
Paan Corner,Nivea Men Deodorant Fresh Active 48h Long lasting Freshness,22500,24,6,16900,150,False,150,112666.66666666667,101400,5600
Paan Corner,Dabur Meswak Toothpaste,5800,5,6,5500,100,False,100,55000.0,33000,300
Paan Corner,Colgate Max Fresh Cooling Crystals Toothpaste,10100,5,2,9500,150,False,150,63333.333333333336,19000,600
Paan Corner,Indulekha Bhringa Hair Oil,43200,15,6,36700,100,False,100,367000.0,220200,6500
Paan Corner,Colgate Sensitive Soft Bristles Toothbrush,5000,0,6,5000,58,False,1,86206.89655172414,30000,0
Paan Corner,Pears Pure & Gentle Glycerin Bath Soap,7500,0,6,7500,125,False,125,60000.0,45000,0
Paan Corner,Vaseline Skin Protecting Jelly,7900,13,6,6800,50,False,50,136000.0,40800,1100
Paan Corner,Dettol Original Germ Protection Bathing Soap Bar,16600,5,4,15700,375,False,375,41866.666666666664,62800,900
Paan Corner,Dettol Intense Cool Soap (B4G1),26000,5,6,24700,625,False,625,39520.0,148200,1300
Paan Corner,Livon Anti-Frizz Serum,25000,10,3,22500,100,False,100,225000.0,67500,2500
Paan Corner,Lifebuoy Germ Protection Care Soap Bar,3000,3,3,2900,100,False,125,29000.0,8700,100
Paan Corner,Lux International Creamy White Soap Bar,7000,10,6,6300,125,False,125,50400.0,37800,700
Paan Corner,Godrej Nupur – 100% Pure Henna (Mehendi),1000,0,6,1000,18,False,18,55555.555555555555,6000,0
Paan Corner,Glow & Lovely Advanced Multivitamin Face Cream,21300,10,6,19000,110,False,110,172727.2727272727,114000,2300
Paan Corner,Set Wet Style Vertical Hold Hair Gel,5000,10,4,4500,50,False,50,90000.0,18000,500
Paan Corner,"Godrej Expert Rich Crème, Natural Black",3000,0,6,3000,20,False,20,150000.0,18000,0
Paan Corner,Nycil Germ Expert Cool Herbal Talc,13000,8,1,11900,150,False,200,79333.33333333333,11900,1100
Paan Corner,Godrej Expert Creme Hair Natural Brown Colour ,3000,0,6,3000,20,False,20,150000.0,18000,0
Paan Corner,Veet Sensitive Skin Hair Removal Cream,13500,5,6,12800,50,False,50,256000.0,76800,700
Paan Corner,Closeup Everfresh+ Anti-Germ Gel Toothpaste Red Hot,5000,2,1,4900,80,False,80,61250.0,4900,100
Paan Corner,Pears Pure And Gentle Value Pack Of 3 Bathing Soap,19900,6,5,18600,375,False,375,49600.0,93000,1300
Paan Corner,Gillette Presto Ready Shaver 5 Cartridges ,8800,6,6,8200,290,False,5,28275.862068965514,49200,600
Paan Corner,Closeup Everfresh+ Anti-Germ Gel Toothpaste Red Hot,16000,10,4,14400,300,False,300,48000.0,57600,1600
Paan Corner,"Godrej Expert Rich Crème, Dark Brown",3000,0,4,3000,20,False,20,150000.0,12000,0
Paan Corner,Nivea Soft Light Moisturizer for Face Hand & Body Non-Sticky Cream with Vitamin E & Jojoba Oil ,18500,15,3,15700,100,False,100,157000.0,47100,2800
Paan Corner,Fiama Gel Bar Celebration Pack Buy 4 Get 1 Free,29000,10,6,26100,625,False,625,41760.0,156600,2900
Paan Corner,Gillette Sensitive Shaving Foam,22500,6,4,21000,418,False,418,50239.23444976076,84000,1500
Paan Corner,Dove Hair Fall Rescue Shampoo,15000,6,5,14100,180,False,180,78333.33333333333,70500,900
Paan Corner,Gillette Mach 3 Mens Razor Blades,49900,7,4,46000,232,False,4,198275.86206896554,184000,3900
Paan Corner,Palmolive Aroma Absolute Relax Shower Gel,19900,20,2,15900,250,False,250,63600.0,31800,4000
Paan Corner,Godrej Protekt Germ Fighter Handwash,9900,0,6,9900,750,False,750,13200.0,59400,0
Paan Corner,Dettol Hand Sanitizer,10000,5,6,9500,200,False,200,47500.0,57000,500
Paan Corner,Dabur Amla Hair Oil,8800,0,2,8800,180,False,180,48888.88888888888,17600,0
Paan Corner,Dettol Original Liquid Handwash,8900,4,6,8500,200,False,200,42500.0,51000,400
Paan Corner,L'Oreal Paris Total Repair 5 Conditioner,19900,0,6,19900,192,False,180,103645.83333333333,119400,0
Paan Corner,Patanjali Saundarya Aloe Vera Gel,9000,0,5,9000,150,False,150,60000.0,45000,0
Paan Corner,Head & Shoulders 2 In 1 Anti Dandruff Shampoo Conditioner ,19500,10,4,17400,180,False,180,96666.66666666667,69600,2100
Paan Corner,Clean & Clear Pimple Clearing Face Wash,13000,10,2,11700,80,False,80,146250.0,23400,1300
Paan Corner,Himalaya Anti Dandruff Shampoo,14000,8,2,12800,200,False,200,64000.0,25600,1200
Paan Corner,Stayfree Secure Dry Cover Regular Sanitary Pad With Wings,3000,3,6,2900,406,False,7,7142.857142857143,17400,100
Paan Corner,Savlon Moisture Shield Hand Wash,9900,4,6,9500,750,False,750,12666.666666666666,57000,400
Paan Corner,Dove Intense Repair Conditioner,19000,14,6,16200,175,False,80,92571.42857142857,97200,2800
Paan Corner,Dabur Gulabari Rose Glow Face Cleanse,7500,5,4,7100,100,False,100,71000.0,28400,400
Paan Corner,Parachute Jasmine Hair Oil,8200,9,6,7400,190,False,190,38947.36842105263,44400,800
Paan Corner,Johnson's Baby Skincare Wipes,7900,6,6,7400,1160,False,20,6379.310344827586,44400,500
Paan Corner,Dettol Skincare Liquid Hand Wash,7900,0,6,7900,200,False,200,39500.0,47400,0
Paan Corner,Old Spice Original Lather Shaving Cream,7500,9,6,6800,70,False,70,97142.85714285714,40800,700
Paan Corner,Veet Hair Removal Cream Dry Skin,13500,5,5,12800,50,False,50,256000.0,64000,700
Paan Corner,L'Oreal Paris Total Repair 5 Shampoo,26500,0,2,26500,396,False,360,66919.19191919192,53000,0
Paan Corner,Fiama Menthol & Magnolia Cooling Gel Bar Soap,16000,11,6,14100,375,False,375,37600.0,84600,1900
Paan Corner,Nivea Lip Balm Original Care for 24h Moisture with Shea Butter & Natural Oils,14000,15,6,11900,5,False,4,2380000.0,71400,2100
Paan Corner,Oral-B Charcoal Deep Clean Stain Removal Toothbrush Soft,9900,0,3,9900,232,False,4,42672.41379310344,29700,0
Paan Corner,Neutrogena Ultra Sheer Dry Touch SPF 50+ Sunblock Sunscreen Lotion,25000,10,3,22500,30,False,30,750000.0,67500,2500
Paan Corner,Clinic Plus Strong & Long Health Shampoo,49900,10,3,44900,650,False,650,69076.92307692308,134700,5000
Paan Corner,Johnson's Baby No More Tears Baby Shampoo,9800,0,5,9800,100,False,100,98000.0,49000,0
Paan Corner,Colgate Zig Zag Toothbrush,12000,0,3,12000,348,False,6,34482.75862068966,36000,0
Paan Corner,Savlon Moisture Shield Germ Protection Handwash Refill (Buy 1 Get 1 Free),18900,0,6,18900,1500,False,1500,12600.0,113400,0
Paan Corner,Colgate Sensitive Everyday Protection Anticavity Toothpaste,7500,0,6,7500,40,False,40,187500.0,45000,0
Paan Corner,Whisper Ultra Soft XL+ Sanitary Pads,33000,2,6,32300,30,False,30,1076666.6666666667,193800,700
Paan Corner,Garnier Colour Naturals Hair Colour - 1 Natural Black,8000,0,1,8000,60,False,60,133333.33333333334,8000,0
Paan Corner,Axe Pulse Men's Deodorant,21000,0,6,21000,150,False,150,140000.0,126000,0
Paan Corner,Colgate Zigzag Charcoal Soft Bristle Toothbrush - 4 Pcs,9900,0,6,9900,232,False,4,42672.41379310344,59400,0
Paan Corner,Whisper Ultra Clean Wings XL+  Pouch,44900,7,6,41500,44,False,44,943181.8181818181,249000,3400
Paan Corner,Whisper Choice Regular Sanitary Pads,9000,0,6,9000,1160,False,20,7758.620689655173,54000,0
Paan Corner,Axe Dark Temptation Men's Deodorant,21000,7,5,19400,150,False,150,129333.33333333334,97000,1600
Paan Corner,Head & Shoulders Anti-Dandruff Smooth & Silky Shampoo,15000,0,4,15000,180,False,180,83333.33333333333,60000,0
Paan Corner,Clinic Plus Strength & Shine Shampoo With Egg Protein ,10500,0,2,10500,175,False,175,60000.0,21000,0
Paan Corner,Engage M1 Perfume Spray for Men ,21000,7,6,19400,120,False,120,161666.66666666666,116400,1600
Paan Corner,Tresemme Keratin Smooth Conditioner,38000,0,3,38000,340,False,340,111764.70588235294,114000,0
Paan Corner,"Garnier Color Naturals Crème Hair Color, Shade 5 Light Brown",18000,0,1,18000,100,False,100,180000.0,18000,0
Paan Corner,Origami Aloe Vera Wipes,7500,13,4,6500,25,False,25,260000.0,26000,1000
Paan Corner,"Engage Drizzle Deodorant For Women, Floral And Lavender, Skin Friendly",19500,10,6,17400,150,False,150,116000.0,104400,2100
Paan Corner,Gellette Presto Ready Shaver,2000,0,1,2000,58,False,1,34482.75862068966,2000,0
Paan Corner,Colgate Max Fresh Plax Mouthwash - Fresh Mint,15000,20,5,12000,250,False,250,48000.0,60000,3000
Paan Corner,Colgate Zig Zag Charcoal Medium Toothbrush 4 Pcs,9900,0,6,9900,232,False,4,42672.41379310344,59400,0
Paan Corner,Godrej Protekt,9900,0,3,9900,750,False,750,13200.0,29700,0
Paan Corner,Colgate Total Charcoal Anticavity Toothpaste,11000,10,3,9900,120,False,120,82500.0,29700,1100
Paan Corner,Colgate Kids 0-2 Extra Soft Tooth Brush,3000,16,6,2500,58,False,1,43103.44827586207,15000,500
Paan Corner,Gillete Mach3 ,26000,10,6,23400,116,False,2,201724.13793103446,140400,2600
Paan Corner,Maybelline New York Colossal Kajal Black,14900,0,2,14900,0,False,0,inf,29800,0
Paan Corner,Godrej Cinthol Lime Talc,5500,0,3,5500,100,False,100,55000.0,16500,0
Paan Corner,Hamam Soap Bar Neem Tulsi and Aloe Vera,5800,0,6,5800,150,False,150,38666.666666666664,34800,0
Paan Corner,"Godrej Expert Rich Crème, Burgundy",3300,0,6,3300,20,False,20,165000.0,19800,0
Paan Corner,Colgate Gentle Sensitive+ Toothbrush Pack Of 4,12000,10,4,10800,232,False,4,46551.72413793103,43200,1200
Paan Corner,Nivea Creme All Season Multi-Purpose Cream ,17500,10,4,15700,100,False,100,157000.0,62800,1800
Paan Corner,Oral-B Charcoal Deep Clean Stain Removal Toothbrush Medium,9900,0,1,9900,232,False,4,42672.41379310344,9900,0
Paan Corner,Mamaearth 100% Natural Berry Blast Kids Toothpaste,14900,10,4,13400,50,False,50,268000.0,53600,1500
Paan Corner,HImalaya Gentle Baby Wipes,20000,10,3,18000,72,False,72,250000.0,54000,2000
Paan Corner,Stayfree Dry Max All Night XL Dry Cover Sanitary Pads,34000,12,6,29800,28,False,28,1064285.7142857143,178800,4200
Paan Corner,"L'Oreal Paris Excellence Creme Hair Color, 1 Black",62000,0,1,62000,172,False,172,360465.1162790698,62000,0
Paan Corner,Fem Fairness Naturals Saffron Skin Bleach,8500,15,4,7200,64,False,64,112500.0,28800,1300
Paan Corner,Engage Woman Blush Body Deo Spray,19500,10,5,17400,150,False,150,116000.0,87000,2100
Paan Corner,Dove Pink Rosa Beauty Bathinhg Bar,6000,0,6,6000,100,False,100,60000.0,36000,0
Paan Corner,Sebamed Cleansing Bar,9900,10,4,8900,100,False,100,89000.0,35600,1000
Paan Corner,Pampers Premium Care Pants - Large,109900,18,2,89900,44,False,44,2043181.8181818184,179800,20000
Paan Corner,Nivea Women Deodorant Fresh Natural Long Lasting Freshness & 48h Protection,19900,20,2,15900,150,False,150,106000.0,31800,4000
Paan Corner,"L'Oreal Paris Excellence Creme Hair Color, 3 Dark Brown/Natural Darkest Brown",62000,0,6,62000,172,False,172,360465.1162790698,372000,0
Paan Corner,Patanjali Kesh Kanti Natural Hair Cleanser,7500,9,4,6800,200,False,200,34000.0,27200,700
Paan Corner,Godrej No.1 Bathing Soap – Lime & Aloe Vera,14900,0,6,14900,600,False,600,24833.333333333332,89400,0
Paan Corner,Pantene Advanced Control Hair Fall Solution Shampoo,12000,6,5,11200,180,False,180,62222.22222222222,56000,800
Paan Corner,Veet Full Body Waxing Kit For Dry Skin,23500,7,6,21800,1160,False,20,18793.103448275862,130800,1700
Paan Corner,Johnson's Baby Skincare Wipes,24500,9,6,22100,72,False,72,306944.44444444444,132600,2400
Paan Corner,Gillette Lemon Lime Shaving Foam,19900,11,4,17700,196,False,196,90306.1224489796,70800,2200
Paan Corner,Old Spice After Shave Lotion Musk,21500,6,3,20000,100,False,100,200000.0,60000,1500
Paan Corner,Whisper Ultra Soft Air Fresh Sanitary Pads (XL) with Wings,31500,0,4,31500,30,False,30,1050000.0,126000,0
Paan Corner,Himalaya Baby Powder,8000,8,4,7300,100,False,100,73000.0,29200,700
Paan Corner,Fiama Men's Refreshing Pulse Shower Gel,22500,20,4,18000,250,False,250,72000.0,72000,4500
Paan Corner,Whisper Ultra Clean XL Plus Sanitary Pad,17500,0,5,17500,870,False,15,20114.94252873563,87500,0
Paan Corner,Johnson's Baby Powder,14300,0,6,14300,200,False,200,71500.0,85800,0
Paan Corner,Dove Cream Beauty Bathing Bar,23500,9,6,21200,125,False,125,169600.0,127200,2300
Paan Corner,Patanjali Kesh Kanti Shikakai Hair Cleanser,9500,0,4,9500,200,False,200,47500.0,38000,0
Paan Corner,L'Oreal Paris Color Protect Conditioner,19900,0,3,19900,192,False,192,103645.83333333333,59700,0
Paan Corner,Nivea Men Active Clean with Active Charcoal Shower Gel for Body Face & Hair,19900,4,5,19100,250,False,250,76400.0,95500,800
Paan Corner,L'Oreal 6 Oil Nourish Conditioner,13500,0,1,13500,192,False,192,70312.5,13500,0
Paan Corner,Godrej Easy Natural Black Hair Colour,2500,0,5,2500,20,False,20,125000.0,12500,0
Paan Corner,Dabur Gulabari Rose Water Daily Glow,8000,6,2,7500,250,False,250,30000.0,15000,500
Paan Corner,Himalaya Purifying Neem Face Wash,17000,10,6,15300,150,False,150,102000.0,91800,1700
Paan Corner,Fem Fairness Naturals Gold Skin Bleach,6500,9,3,5900,24,False,24,245833.33333333334,17700,600
Paan Corner,Whisper Choice Ultra XL Sanitary Pad,13300,2,5,13000,1160,False,20,11206.89655172414,65000,300
Paan Corner,Dove Dandruff Care Shampoo,15800,6,5,14700,180,False,180,81666.66666666667,73500,1100
Paan Corner,Head & Shoulders Anti Dandruff Anti Hairfall Shampoo,28500,0,5,28500,340,False,240,83823.52941176471,142500,0
Paan Corner,L'Oreal Casting Creme Ebony Black Hair Color,55000,0,6,55000,159,False,87,345911.9496855346,330000,0
Paan Corner,Mamaearth Onion Hair Oil,39900,10,6,35900,150,False,150,239333.33333333334,215400,4000
Paan Corner,L'Oreal Paris Casting Creme Gloss Hair Color (Dark Brown 400),55000,0,4,55000,159,False,159,345911.9496855346,220000,0
Paan Corner,Palmolive Naturals Sea Minerals Liquid Hand Wash,9900,10,6,8900,250,False,250,35600.0,53400,1000
Paan Corner,Oral-B Extra Soft Bristles Sensitive ,9800,0,4,9800,232,False,4,42241.379310344826,39200,0
Paan Corner,Engage M3 Perfume Spray for Men,20000,10,3,18000,120,False,120,150000.0,54000,2000
Paan Corner,Mamaearth Deeply Nourishing wash for Babies,19900,0,4,19900,200,False,200,99500.0,79600,0
Paan Corner,Dettol Original Soap (B4G1),26000,5,6,24700,625,False,625,39520.0,148200,1300
Paan Corner,Woodward's Gripe Water,7500,0,6,7500,200,False,200,37500.0,45000,0
Paan Corner,"MamyPoko Pants Extra Absorb Diapers, New Born",29900,6,5,27900,28,False,28,996428.5714285715,139500,2000
Paan Corner,Johnson's Baby Soap,7000,0,6,7000,100,False,100,70000.0,42000,0
Paan Corner,Engage M4 Perfume Spray For Men,20000,10,6,18000,120,False,120,150000.0,108000,2000
Paan Corner,Fem Fairness Naturals Hair Removal Cream Fair & Soft - Gold,6500,10,4,5800,40,False,40,145000.0,23200,700
Paan Corner,Dove Hair Fall Rescue Conditioner,19000,0,4,19000,175,False,175,108571.42857142857,76000,0
Paan Corner,Himalaya Anti Hair Fall Shampoo,13000,12,2,11400,200,False,200,57000.0,22800,1600
Paan Corner,Fiama Peach & Avocado Gel Bar,17600,10,3,15800,375,False,375,42133.333333333336,47400,1800
Paan Corner,Pears Pure & Gentle Value Pack Of 4 Bathing Soap ,12500,0,6,12500,75,False,75,166666.66666666666,75000,0
Paan Corner,Fiama Fresh Hand Wash,15000,6,3,14000,400,False,400,35000.0,42000,1000
Paan Corner,Palmolive Black Orchid And Milk Liquid Hand Wash,9900,10,6,8900,250,False,250,35600.0,53400,1000
Paan Corner,Oral-B Criss Cross Medium Toothbrush (Buy 2 Get 2 Free),16000,0,5,16000,232,False,4,68965.51724137932,80000,0
Paan Corner,Gillette Mach 3 Turbo Razor,34900,6,5,32500,58,False,1,560344.8275862068,162500,2400
Paan Corner,Himalaya Baby Lotion,16500,12,3,14500,200,False,200,72500.0,43500,2000
Paan Corner,Head & Shoulders 2-in-1 Cool Menthol Anti Dandruff Shampoo + Conditioner,37500,0,1,37500,340,False,180,110294.11764705883,37500,0
Paan Corner,Sunsilk Lusciously Thick & Long Shampoo,24900,6,6,23400,340,False,340,68823.52941176471,140400,1500
Paan Corner,Fiama Di Wills Men's Refreshing Pulse Shower Gel,22500,4,3,21400,250,False,250,85600.0,64200,1100
Paan Corner,Sebamed Anti - Dandruff Shampoo,60000,10,2,54000,200,False,200,270000.0,108000,6000
Paan Corner,Listerine Cool Mint Mouthwash - Mild Taste,15000,10,6,13500,250,False,250,54000.0,81000,1500
Paan Corner,"L'Oreal Paris Excellence Creme Hair Color, 4.25 Aishwarya's Brown",62000,0,6,62000,172,False,172,360465.1162790698,372000,0
Paan Corner,Himalaya Gentle Baby Bath,16500,9,6,15000,200,False,200,75000.0,90000,1500
Paan Corner,"L'Oreal Paris Casting Creme Gloss Hair Color, Medium Brown 500",55000,0,4,55000,160,False,159,343750.0,220000,0
Paan Corner,L'Oreal Paris Color Protect Shampoo,28200,0,3,28200,360,False,360,78333.33333333333,84600,0
Paan Corner,Fiama Di Wills Lemongrass & Jojoba Gel Bar,17600,10,6,15800,375,False,375,42133.333333333336,94800,1800
Paan Corner,Colgate Plax Peppermint Mouthwash,15000,20,5,12000,250,False,250,48000.0,60000,3000
Paan Corner,Dove Daily Shine Conditioner,9000,10,1,8100,80,False,80,101250.0,8100,900
Paan Corner,Patanjali Kesh Kanti Anti Dandruff Hair Cleanser,11000,0,6,11000,200,False,200,55000.0,66000,0
Paan Corner,Old Spice Original After Shave Lotion,25000,0,1,25000,150,False,150,166666.66666666666,25000,0
Paan Corner,Dove Hair Fall Rescue Shampoo,13700,10,4,12300,180,False,180,68333.33333333333,49200,1400
Paan Corner,Dettol Clinical Strength Hand Sanitizer Liquid,25000,10,6,22500,500,False,500,45000.0,135000,2500
Paan Corner,Nivea Soft Light Moisturizer for Face Hand & Body Non-Sticky Cream with Vitamin E & Jojoba Oil,39900,20,3,31900,300,False,300,106333.33333333333,95700,8000
Paan Corner,Comfy Baby Pants XL 12-17 kg,42900,15,1,36400,24,False,24,1516666.6666666667,36400,6500
Paan Corner,Dettol Liquid Handwash With Free Liquid,9900,0,6,9900,200,False,200,49500.0,59400,0
Paan Corner,Nivea Body Milk Lotion for Very Dry Skin,39900,20,6,31900,400,False,400,79750.0,191400,8000
Paan Corner,Lakme Sun Expert,22500,0,6,22500,60,False,60,375000.0,135000,0
Paan Corner,Head & shoulders Anti Dandruff Shampoo Cool Menthol,17000,0,6,17000,180,False,180,94444.44444444444,102000,0
Paan Corner,Godrej Nupur Henna,7500,0,5,7500,150,False,120,50000.0,37500,0
Paan Corner,Johnson's Baby Lotion,10000,0,4,10000,100,False,100,100000.0,40000,0
Paan Corner,Himalaya Anti Dandruff Shampoo,14000,10,1,12600,200,False,200,63000.0,12600,1400
Paan Corner,Maybelline New York Colossal Kajal Super Black,30000,8,3,27500,0,False,0,inf,82500,2500
Paan Corner,Stayfree Dry-Max All Night Ultra-Dry Sanitary Pad,9000,10,6,8100,406,False,7,19950.738916256156,48600,900
Paan Corner,Dove Daily Shine Shampoo,64500,5,3,61200,650,False,650,94153.84615384616,183600,3300
Paan Corner,Godrej Easy 5 Minute Natural Brown 4 Hair Colour,2900,0,5,2900,20,False,20,145000.0,14500,0
Paan Corner,Colgate Sensitive Plus Enamel Toothpaste Tube,14000,0,6,14000,160,False,160,87500.0,84000,0
Paan Corner,Colgate Max Fresh Peppermint Toothpaste ,18200,15,6,15400,300,False,300,51333.333333333336,92400,2800
Paan Corner,Pond's Light Moisturiser,30900,10,6,27800,250,False,250,111200.0,166800,3100
Paan Corner,Engage Mate For Man Deo Spray,19500,10,5,17400,150,False,150,116000.0,87000,2100
Paan Corner,Pantene Advanced Hair Fall Solution Shampoo - Total Damage Care,12000,0,5,12000,180,False,180,66666.66666666667,60000,0
Paan Corner,Whisper Choice Regular Wing Sanitary Pad,3000,0,2,3000,406,False,7,7389.162561576355,6000,0
Paan Corner,Colgate Slim Soft Charcoal Toothbrush,15000,18,4,12300,232,False,4,53017.24137931034,49200,2700
Paan Corner,Fiama Scents Juniper & Geranium Body Wash,19900,6,5,18600,250,False,250,74400.0,93000,1300
Paan Corner,Mamaearth Ubtan Body Lotion,39900,15,4,33900,400,False,400,84750.0,135600,6000
Paan Corner,Godrej Aer Power Pocket - Long Lasting Bathroom Fragrance Floral Delight,5500,0,6,5500,10,False,10,550000.0,33000,0
Paan Corner,Himalaya Anti-Hair Fall Shampoo,23000,18,1,18800,400,False,400,47000.0,18800,4200
Paan Corner,Nivea Soft Light Moisturizer for Face Hand & Body Non-Sticky Cream with Vitamin E & Jojoba Oil,31000,15,6,26300,200,False,200,131500.0,157800,4700
Paan Corner,Engage M2 Perfume Spray For Men,20000,10,6,18000,120,False,120,150000.0,108000,2000
Paan Corner,Listerine Cool Mint Mouthwash - Mild Taste,15000,10,6,13500,250,False,250,54000.0,81000,1500
Paan Corner,Mamaearth Ubtan Face Scrub Turmeric & Walnut,34900,10,1,31400,100,False,100,314000.0,31400,3500
Paan Corner,Himalaya Purifying Neem Face Wash Tube,27000,15,6,22900,300,False,300,76333.33333333333,137400,4100
Paan Corner,Johnson's Baby Top To Toe Bath Body Wash,16500,0,4,16500,210,False,210,78571.42857142857,66000,0
Paan Corner,Gillette Mach 3 Start,24900,0,6,24900,116,False,2,214655.1724137931,149400,0
Paan Corner,Scalpe Pro Anti dandruff Shampoo 100ml,18500,0,2,18500,100,False,100,185000.0,37000,0
Paan Corner,Johnson's Baby Cream,15000,0,6,15000,100,False,100,150000.0,90000,0
Paan Corner,Johnson's Baby Soap,10500,0,6,10500,150,False,150,70000.0,63000,0
Paan Corner,Himalaya Gentle Baby Shampoo,32000,17,6,26500,400,False,400,66250.0,159000,5500
Paan Corner,L'Oreal Paris Shine Masque Royal Jelly Hair Colour,55000,0,3,55000,88,False,87,625000.0,165000,0
Paan Corner,Engage Rush Deodorant For Men,19000,11,6,16900,150,False,150,112666.66666666667,101400,2100
Paan Corner,Clean & Clear Foaming Face Wash,14000,10,4,12600,100,False,100,126000.0,50400,1400
Paan Corner,Dettol Lather Shaving Cream,7500,5,6,7100,78,False,78,91025.64102564102,42600,400
Paan Corner,Gillette Classic Regular Pre Shave Foam,19900,0,4,19900,196,False,196,101530.61224489796,79600,0
Paan Corner,Dove Daily Shine Conditioner,19000,0,6,19000,175,False,180,108571.42857142857,114000,0
Paan Corner,Johnson's Baby Shampoo,18000,0,6,18000,200,False,200,90000.0,108000,0
Paan Corner,Park Avenue Beer Shampoo ,15500,9,4,14000,180,False,180,77777.77777777777,56000,1500
Paan Corner,Pantene Advanced Hair Fall Solution Silky Smooth Care Shampoo,12000,6,6,11200,180,False,180,62222.22222222222,67200,800
Paan Corner,Fem Fairness Naturals Hair Removal Cream Fair & Soft - Rose,6500,10,6,5800,40,False,40,145000.0,34800,700
Paan Corner,Sunsilk Stunning Black Shine Shampoo,55500,6,6,52100,650,False,650,80153.84615384616,312600,3400
Paan Corner,Dabur Meswak Toothpaste,10000,0,1,10000,200,False,200,50000.0,10000,0
Paan Corner,Patanjali Kesh Kanti Reetha Hair Cleanser,8500,0,5,8500,200,False,200,42500.0,42500,0
Paan Corner,Nivea Lip Balm Soft Rose for 24h Moisture with Natural Oils Delicate Rose Shine,18500,8,6,16900,5,False,4,3380000.0,101400,1600
Paan Corner,Santoor Total Skin Care Soap With Sandal & Turmeric,18000,0,6,18000,600,False,600,30000.0,108000,0
Paan Corner,"L'Oreal Paris Excellence Creme Hair Color, 4 Natural Brown/Natural Dark Brown",62000,0,1,62000,172,False,172,360465.1162790698,62000,0
Paan Corner,Gillette Pre Shave Foam - Classic Regular Skin,22500,0,6,22500,418,False,418,53827.75119617225,135000,0
Paan Corner,Fiama Di Wills Shower Gel Patchouli & Macadamia,19900,10,6,17900,250,False,250,71600.0,107400,2000
Paan Corner,Listerine Fresh Burst Mouthwash,14000,10,4,12600,250,False,250,50400.0,50400,1400
Paan Corner,Nivea Cocoa Nourish Body Lotion With Coconut Oil & Cocoa Butter For Very Dry Skin ,29900,17,5,24700,200,False,200,123500.0,123500,5200
Paan Corner,Pantene Hair Fall Control Shampoo,24000,7,2,22100,340,False,340,65000.0,44200,1900
Paan Corner,Fogg Master - Royal Intense,25000,0,5,25000,120,False,120,208333.33333333334,125000,0
Paan Corner,TRESemme Smooth And Shine Conditioner,22000,0,5,22000,190,False,190,115789.47368421052,110000,0
Paan Corner,Whisper Ultra Clean XL Plus Sanitary Pad,15500,0,6,15500,870,False,15,17816.091954022988,93000,0
Paan Corner,"Colgate Kids Toothpaste - 6+ Years, Strawberry Flavour",9300,5,6,8800,80,False,80,110000.0,52800,500
Paan Corner,Nivea Soft Moisturizing Cream,31000,12,1,27200,200,False,200,136000.0,27200,3800
Paan Corner,Patanjali Kesh Kanti Aloe Vera Hair Cleanser,8500,0,5,8500,200,False,200,42500.0,42500,0
Paan Corner,Neutrogena Deep Clean Foaming Cleanser,13000,11,2,11500,50,False,50,230000.0,23000,1500
Paan Corner,Clean & Clear Morning Energy Berry Face Wash,15500,6,6,14500,100,False,100,145000.0,87000,1000
Paan Corner,Pampers Premium Care New Baby Pants,32000,0,4,32000,24,False,24,1333333.3333333333,128000,0
Paan Corner,Vaseline Intensive Care Aloe Fresh,22500,9,6,20300,200,False,200,101500.0,121800,2200
Paan Corner,L'Oreal Paris Dream Lengths Shampoo,14900,0,6,14900,192,False,192,77604.16666666667,89400,0
Paan Corner,Johnson's Baby Oil,11500,0,4,11500,100,False,100,115000.0,46000,0
Paan Corner,Engage Man Rush Deodorant,19500,9,6,17600,150,False,150,117333.33333333333,105600,1900
Paan Corner,Pantene Advanced Hair Fall Solution Shampoo - Total Damage Care,26400,0,6,26400,340,False,340,77647.05882352941,158400,0
Paan Corner,Whisper Daily Liners Clean and Fresh,10500,0,4,10500,1160,False,20,9051.724137931034,42000,0
Paan Corner,Himalaya Men Pimple Clear Neem Face Wash,18000,9,2,16300,100,False,100,163000.0,32600,1700
Paan Corner,Pantene Adv Hairfall Solution Conditioner Silky Smooth,19000,0,5,19000,200,False,200,95000.0,95000,0
Paan Corner,Himalaya Prickly Heat Baby Powder,9000,10,6,8100,100,False,100,81000.0,48600,900
Paan Corner,Mamaearth Daily Moisturizing Lotion For Babies,19900,0,6,19900,200,False,200,99500.0,119400,0
Paan Corner,Stayfree Advanced XL Ultra Comfort Sanitary napkins with Wings,17500,0,3,17500,812,False,14,21551.724137931036,52500,0
Paan Corner,Pampers Premium Care Pants - Medium,109900,18,6,89900,54,False,54,1664814.8148148148,539400,20000
Paan Corner,Fiama Men's Refreshing Pulse Shower Gel,19900,10,6,17900,250,False,250,71600.0,107400,2000
Paan Corner,Vaseline Original Skin Protecting Jelly,12500,10,6,11200,100,False,100,112000.0,67200,1300
Paan Corner,Clean & Clear Foaming Face Wash,18000,10,6,16200,150,False,150,108000.0,97200,1800
Paan Corner,Fiama Lemongrass and Jojoba Shower Gel,22500,20,6,18000,250,False,250,72000.0,108000,4500
Paan Corner,Oral-B Charcoal Cross Cross Extra Soft Toothbrush (Buy 2 Get 1 Free),18000,0,1,18000,174,False,3,103448.27586206897,18000,0
Paan Corner,Listerine Fresh Burst Mouthwash,28500,7,6,26300,500,False,500,52600.0,157800,2200
Paan Corner,Veet Full Body Waxing Kit,23500,7,6,21800,1160,False,20,18793.103448275862,130800,1700
Paan Corner,Listerine Original Mouthwash,5500,9,6,5000,80,False,80,62500.0,30000,500
Paan Corner,Santoor Almond Soft With Sandal & Almond Milk,18000,0,2,18000,625,False,625,28800.0,36000,0
Paan Corner,Nivea Body Shea Smooth with Shea Butter for Dry Skin,42500,20,5,34000,400,False,9,85000.0,170000,8500
Paan Corner,Neutrogena Deep Clean Facial Cleanser,13000,0,4,13000,50,False,50,260000.0,52000,0
Paan Corner,"L'Oreal Paris Excellence Creme Hair Color, 3.16 Burgundy",55000,0,3,55000,159,False,172,345911.9496855346,165000,0
Paan Corner,Johnson's Baby Powder,23500,0,6,23500,400,False,400,58750.0,141000,0
Paan Corner,Bombay Shaving Company Charcoal Face Wash,24900,0,4,24900,100,False,100,249000.0,99600,0
Paan Corner,Colgate Kids 2+ Years Extra Soft Toothbrush,2000,0,3,2000,58,False,1,34482.75862068966,6000,0
Paan Corner,Veet Hair Removal Cream (Normal Skin),13500,5,6,12800,50,False,50,256000.0,76800,700
Paan Corner,Dove Daily Shine Shampoo,24000,0,4,24000,340,False,340,70588.23529411765,96000,0
Paan Corner,L'Oreal Anti Hair Fall Conditioner,19900,0,6,19900,192,False,192,103645.83333333333,119400,0
Paan Corner,Nivea Body Lotion Aloe Hydration For Normal Skin ,27500,10,6,24700,200,False,200,123500.0,148200,2800
Paan Corner,Pampers Pants - Large,154900,45,3,84900,82,False,82,1035365.8536585364,254700,70000
Paan Corner,"Engage Urge Deodorant For Men, Citrus And Woody, Skin Friendly",19500,10,6,17400,150,False,150,116000.0,104400,2100
Paan Corner,Head & Shoulders 2 In 1 Anti Dandruff Smooth & Silky Shampoo+Conditioner,37500,10,6,33400,340,False,340,98235.29411764706,200400,4100
Paan Corner,Fem Fairness Natural Gold Skin Bleach,8500,7,4,7900,64,False,64,123437.5,31600,600
Paan Corner,Engage Deo Frost,19500,9,6,17600,150,False,150,117333.33333333333,105600,1900
Paan Corner,Stayfree Secure XL Size Sanitary Napkins,11500,0,5,11500,1160,False,20,9913.793103448275,57500,0
Paan Corner,Pampers Pants - Medium,69900,21,1,54900,50,False,50,1098000.0,54900,15000
Paan Corner,Pampers Active Baby Diapers New Born Extra Small ,109900,22,3,84900,72,False,72,1179166.6666666667,254700,25000
Paan Corner,"Nivea Creme, All Season Multi-Purpose Cream",17500,9,6,15800,100,False,100,158000.0,94800,1700
Paan Corner,Woodwards Gripe Water ,5000,0,4,5000,130,False,130,38461.53846153846,20000,0
Paan Corner,Clean & Clear Morning Energy Aqua Splash Face Wash,14500,9,5,13100,100,False,100,131000.0,65500,1400
Paan Corner,Sunsilk Lusciously Thick & Long Shampoo,55500,6,6,52100,650,False,650,80153.84615384616,312600,3400
Paan Corner,Mamaearth Skin Correct Face Serum,59900,15,1,50900,30,False,30,1696666.6666666667,50900,9000
Paan Corner,Chik Hairfall Prevent Egg Shampoo,17800,0,6,17800,340,False,340,52352.94117647059,106800,0
Paan Corner,Pantene Silky Smooth Care Shampoo,22500,6,3,21000,340,False,340,61764.705882352944,63000,1500
Paan Corner,"Garnier Skin Naturals, Micellar Cleansing Water",19900,5,4,18900,125,False,125,151200.0,75600,1000
Paan Corner,Set Wet Swag Avatar Deodorant & Body Spray Perfume For Men,19900,0,1,19900,150,False,150,132666.66666666666,19900,0
Paan Corner,Pampers All Round Protection Pants - Medium,69900,17,6,57500,50,False,50,1150000.0,345000,12400
Paan Corner,Set Wet Deodrant Charm Avatar,19900,0,1,19900,150,False,150,132666.66666666666,19900,0
Paan Corner,Nupur Heena Mehandi,19900,0,6,19900,500,False,500,39800.0,119400,0
Paan Corner,Head & Shoulders 2-in-1 Active Protect Shampoo,37500,9,6,33800,340,False,340,99411.76470588235,202800,3700
Paan Corner,Gillette Mach 3 Turbo Cartridges,64900,10,6,57800,232,False,4,249137.93103448275,346800,7100
Paan Corner,TRESemme Smooth And Shine Conditioner,21000,13,1,18200,190,False,190,95789.47368421052,18200,2800
Paan Corner,Bombay Shaving Company Sensitive Cartridges,37500,0,2,37500,116,False,2,323275.8620689655,75000,0
Paan Corner,Himalaya Baby Lotion,30000,12,1,26400,400,False,400,66000.0,26400,3600
Paan Corner,Old Spice Lime Lather Shaving Cream,7500,0,6,7500,70,False,70,107142.85714285714,45000,0
Paan Corner,Colgate Sensitive Plus Anticavity Toothpaste ,14000,10,6,12600,70,False,70,180000.0,75600,1400
Paan Corner,Colgate Toothpaste For Kids Motu Oatlu,9300,0,6,9300,80,False,80,116250.0,55800,0
Paan Corner,Pantene Total Damage Care Shampoo,12000,0,6,12000,180,False,180,66666.66666666667,72000,0
Paan Corner,Himalaya Moisturising Aloe Vera Facial Wipes,10000,10,6,9000,25,False,25,360000.0,54000,1000
Paan Corner,Savlon Moisture Shield Hand Wash,6900,0,5,6900,200,False,200,34500.0,34500,0
Paan Corner,Pampers Active Baby Diapers New Born Extra Small,36000,10,6,32400,24,False,24,1350000.0,194400,3600
Paan Corner,Himalaya Anti Dandruff Shampoo,26000,18,1,21300,400,False,400,53250.0,21300,4700
Paan Corner,Himalaya Anti Hair Fall Shampoo,49000,25,4,36700,700,False,700,52428.57142857143,146800,12300
Paan Corner,Johnson's Baby Oil,20000,0,6,20000,200,False,200,100000.0,120000,0
Paan Corner,Vaseline Intensive Care Deep Moisture Body Lotion,32500,0,4,32500,400,False,400,81250.0,130000,0
Paan Corner,L'Oreal Paris Dream Lengths Conditioner,19900,0,1,19900,193,False,193,103108.80829015544,19900,0
Paan Corner,Nivea Soft Light Moisturizing Cream,18500,15,6,15700,100,False,100,157000.0,94200,2800
Paan Corner,Whisper Ultra Soft XL+ Sanitary Pads,55500,0,1,55500,60,False,60,925000.0,55500,0
Paan Corner,Palmolive Feel The Massage Shower Gel,24900,20,6,19900,250,False,250,79600.0,119400,5000
Paan Corner,L'Oreal Paris Dream Lengths Conditioner,20900,0,3,20900,193,False,193,108290.15544041451,62700,0
Paan Corner,Head & Shoulders Anti-Dandruff Smooth & Silky Shampoo,28500,6,6,26600,340,False,340,78235.29411764706,159600,1900
Paan Corner,Mamaearth Moisturizing Baby Bath Soap,24900,0,4,24900,150,False,150,166000.0,99600,0
Paan Corner,Listerine Original Mouthwash,15000,10,6,13500,250,False,250,54000.0,81000,1500
Paan Corner,Himalaya Gentle Baby Shampoo,17000,14,6,14600,200,False,200,73000.0,87600,2400
Paan Corner,Dove Dryness Care Shampoo,26800,5,1,25200,340,False,340,74117.64705882354,25200,1600
Paan Corner,Dove Hair Fall Rescue Shampoo,28000,15,6,23600,340,False,340,69411.76470588235,141600,4400
Paan Corner,Head & Shoulders Anti Dandruff Shampoo Cool Menthol,29500,9,6,26600,340,False,340,78235.29411764706,159600,2900
Paan Corner,Bombay Shaving Company Defender Razor,34500,0,6,34500,58,False,1,594827.5862068965,207000,0
Paan Corner,"Head & Shoulders Shampoo + Conditioner - 2-In-1, Cool Menthol",36500,0,1,36500,340,False,340,107352.94117647059,36500,0
Paan Corner,Himalaya Baby Nourishing Massage Oil,20000,20,2,16000,200,False,250,80000.0,32000,4000
Paan Corner,Himalaya Baby Powder,23500,20,6,18800,400,False,400,47000.0,112800,4700
Paan Corner,Fogg Paradise Fragrant Body Spray For Women ,25000,0,6,25000,150,False,150,166666.66666666666,150000,0
Paan Corner,Revive Revive Liquid,7100,0,6,7100,200,False,200,35500.0,42600,0
Paan Corner,Pantene Hairfall Control Conditioner,19000,6,6,17800,200,False,200,89000.0,106800,1200
Paan Corner,Mamaearth Vitamin C Face Toner,39900,0,1,39900,200,False,200,199500.0,39900,0
Paan Corner,Himalaya Diaper Rash Cream,8000,10,2,7200,20,False,20,360000.0,14400,800
Paan Corner,Fogg Royal Fragrance Spray,23000,0,4,23000,150,False,120,153333.33333333334,92000,0
Paan Corner,Dove Pink Rosa Beauty Bathing Bar,24500,9,6,22100,100,False,100,221000.0,132600,2400
Paan Corner,Dove Dryness Care Conditioner Frizzy & Dry Hair,9000,6,4,8400,80,False,80,105000.0,33600,600
Paan Corner,Dettol Original Liquid Handwash Refill,10900,3,0,10500,750,True,750,14000.0,0,400
Paan Corner,Parachute 100% Pure Coconut Oil,12300,0,0,12300,300,True,300,41000.0,0,0
Paan Corner,Stayfree Secure Cottony Soft Cover Sanitary Pad (Regular) with Wings,3000,3,0,2900,406,True,7,7142.857142857143,0,100
Paan Corner,Dabur Gulabari Premium Rose Water,4800,2,0,4700,120,True,120,39166.666666666664,0,100
Paan Corner,Parachute Advansed Gold Coconut Hair Oil,21500,9,0,19400,400,True,400,48500.0,0,2100
Paan Corner,Closeup Everfresh+ Anti-Germ Gel Toothpaste Red Hot,9000,10,0,8100,150,True,150,54000.0,0,900
Paan Corner,Godrej No.1 Bathing Soap – Lime & Aloe Vera,10000,16,0,8400,500,True,100,16800.0,0,1600
Paan Corner,Sensodyne Sensitive Fresh Gel Toothpaste,11500,7,0,10600,75,True,75,141333.33333333334,0,900
Paan Corner,Whisper Bindazzz Nights XL + Sanitary Pad,9000,0,0,9000,406,True,7,22167.487684729065,0,0
Paan Corner,Whisper Choice Sanitary Pad ,3200,9,0,2900,406,True,7,7142.857142857143,0,300
Paan Corner,"Godrej No.1 Bathing Soap, Jasmine",8400,0,0,8400,400,True,100,21000.0,0,0
Paan Corner,Gillette Venus Close & Clean Razor ,24900,7,0,23000,58,True,1,396551.7241379311,0,1900
Paan Corner,Whisper Choice Regular Sanitary Pads,9000,3,0,8700,58,True,20,150000.0,0,300
Paan Corner,Stayfree Secure Dry Cover Extra Large Sanitary Pad,4200,2,0,4100,406,True,7,10098.522167487685,0,100
Paan Corner,Oxylife Natural Radiance 5 Creme Bleach - With Active Oxygen,8200,9,0,7400,27,True,27,274074.0740740741,0,800
Paan Corner,Clean & Clear Morning Energy Lemon Face Wash,14500,9,0,13100,100,True,100,131000.0,0,1400
Paan Corner,Bajaj Almond Drops Hair Oil,6700,10,0,6000,100,True,100,60000.0,0,700
Paan Corner,Bajaj Almond Drops Hair Oil Bottle,13000,7,0,12000,200,True,200,60000.0,0,1000
Paan Corner,Whisper Bindazzz Night Sanitary Pads XL Plus,18500,0,0,18500,870,True,15,21264.367816091955,0,0
Paan Corner,Godrej Cinthol Lime Refreshing Deo Soap,11600,0,0,11600,400,True,400,29000.0,0,0
Paan Corner,"MamyPoko Pants Standard Diapers, Extra Large (12 - 17 kg)",39900,7,0,36900,26,True,26,1419230.7692307692,0,3000
Home & Cleaning,Surf Excel Stain Eraser,1800,0,1,1800,150,False,150,12000.0,1800,0
Home & Cleaning,Colin Glass and Surface Cleaner Liquid Spray Regular,9600,7,6,8900,500,False,500,17800.0,53400,700
Home & Cleaning,A1 Biodegradable Garbage Dustbin Bags,6900,0,6,6900,30,False,30,230000.0,41400,0
Home & Cleaning,"Mortein Cockroach Killer Spray, Crawling insect killer with Deep-Reach Nozzle",18900,5,2,17900,425,False,425,42117.64705882353,35800,1000
Home & Cleaning,Pril Perfect Lime Dishwash Liquid,19000,7,4,17500,750,False,750,23333.333333333332,70000,1500
Home & Cleaning,Dettol Antiseptic Disinfectant Liquid,6600,0,6,6600,125,False,125,52800.0,39600,0
Home & Cleaning,Godrej Aer Power Pocket Berry Rush,5500,0,3,5500,10,False,10,550000.0,16500,0
Home & Cleaning,Hit Cockroach Killer Spray ,10100,2,4,9800,200,False,200,49000.0,39200,300
Home & Cleaning,Vim Dishwash Liquid Gel Lemon,18500,5,1,17500,750,False,750,23333.333333333332,17500,1000
Home & Cleaning,"Harpic Disinfectant Toilet Cleaner Liquid, Original - 1 L",17800,0,6,17800,1000,False,1,17800.0,106800,0
Home & Cleaning,Odomos Mosquito Repellent Cream ,5000,8,6,4600,50,False,50,92000.0,27600,400
Home & Cleaning,Harpic Disinfectant Bathroom Cleaner Liquid Lemon,18900,5,6,17900,1000,False,1,17900.0,107400,1000
Home & Cleaning,Eveready AA pack of 10 ,15000,4,6,14300,580,False,10,24655.1724137931,85800,700
Home & Cleaning,Cherry Blossom Liquid Wax Polish,9800,5,6,9300,75,False,75,124000.0,55800,500
Home & Cleaning,Gala Scrubber Cleaner Home Everyday Scrub,3500,2,6,3400,58,False,1,58620.68965517241,20400,100
Home & Cleaning,Hit Flower Lime Fragrance Insect Killer Spray,18200,3,6,17600,400,False,400,44000.0,105600,600
Home & Cleaning,Harpic Hygienic Toilet Cleaner Rim Block Jasmine,8200,6,4,7700,26,False,26,296153.8461538461,30800,500
Home & Cleaning,Om Bhakti - Pancha Deepa Oil ,19900,10,6,17900,1000,False,1,17900.0,107400,2000
Home & Cleaning,Ariel Complete Detergent Washing Powder 500 g  + 200 g Free,13500,0,6,13500,500,False,500,27000.0,81000,0
Home & Cleaning,Surf Excel Matic Top Load Detergent Powder,20000,6,1,18800,1000,False,1,18800.0,18800,1200
Home & Cleaning,Harpic Flushmatic In-Cistern Toilet Cleaner Blocks Marine,15400,7,4,14300,100,False,100,143000.0,57200,1100
Home & Cleaning,Eveready 1012 Carbon Zinc AAA Battery,15000,4,2,14300,580,False,10,24655.1724137931,28600,700
Home & Cleaning,Surf Excel Matic Front Load Detergent Liquid,22500,1,6,22100,1000,False,1,22100.0,132600,400
Home & Cleaning,Origami Kitchen Towels 2 In 1 Quilted 2ply,14000,10,6,12600,116,False,2,108620.6896551724,75600,1400
Home & Cleaning,Oxi Green Phenyl - Pine ,8200,9,6,7400,1000,False,1,7400.0,44400,800
Home & Cleaning,Surf Excel Easy Wash Detergent Liquid,17000,0,6,16900,1000,False,1,16900.0,101400,100
Home & Cleaning,Uno Playing Card Game,14900,9,2,13500,58,False,1,232758.6206896552,27000,1400
Home & Cleaning,Chakaachak Mini Cloth Brush,4000,2,1,3900,58,False,1,67241.37931034483,3900,100
Home & Cleaning,Chakaachak Super Scrub Pad (Pack of 3),3500,2,2,3400,174,False,3,19540.22988505747,6800,100
Home & Cleaning,Colin Glass and Surface Cleaner Liquid Spray Regular,6200,6,5,5800,250,False,250,23200.0,29000,400
Home & Cleaning,Om Bhakti Cow Dung Cakes ,1600,0,6,1600,290,False,5,5517.241379310345,9600,0
Home & Cleaning,Dettol Antiseptic Liquid,3300,0,4,3300,60,False,60,55000.0,13200,0
Home & Cleaning,Harpic Hygienic Toilet Cleaner Rim Block Citrus,8200,6,6,7700,26,False,26,296153.8461538461,46200,500
Home & Cleaning,Eveready Ultima Alkaline AA Cell Battery-6 Pc Pack,21000,10,6,18900,348,False,6,54310.3448275862,113400,2100
Home & Cleaning,Mangaldeep Rose Puja Agarbatti ,6500,9,4,5900,120,False,120,49166.666666666664,23600,600
Home & Cleaning,Ariel Matic Top Load Detergent Washing Powder,22500,0,6,22500,1000,False,1,22500.0,135000,0
Home & Cleaning,Gala Cloth Poccha/Mop,12500,9,6,11300,58,False,1,194827.58620689655,67800,1200
Home & Cleaning,Chakaachak Floor Cleaning Pocha,5000,2,6,4900,58,False,1,84482.75862068965,29400,100
Home & Cleaning,Oxi Green Floor Cleaner - Floral,17900,10,6,16100,1000,False,1,16100.000000000002,96600,1800
Home & Cleaning,"Godrej Aer Pocket, Bathroom Air Fragrance - Assorted Pack Of 3",16000,0,6,16000,30,False,30,533333.3333333334,96000,0
Home & Cleaning,Ariel Complete Detergent Washing Powder 1 kg + 500 g Free,28000,6,6,26300,1500,False,1,17533.333333333336,157800,1700
Home & Cleaning,Chakaachak Sponge Scrubber (Pack of 2),4500,2,6,4400,116,False,2,37931.034482758616,26400,100
Home & Cleaning,Lizol Disinfectant Surface & Floor Cleaner Liquid Floral,10300,5,6,9700,500,False,500,19400.0,58200,600
Home & Cleaning,Harpic Germ & Stain Blaster Disinfectant Toilet Cleaner Floral,14800,7,6,13700,750,False,750,18266.666666666664,82200,1100
Home & Cleaning,Hit Lime Fresh Flying Insect Killer,26900,0,6,26900,385,False,385,69870.12987012987,161400,0
Home & Cleaning,Fevistik Super Glue Stick,4000,2,6,3900,15,False,15,260000.0,23400,100
Home & Cleaning,Godrej Ezee Liquid Detergent,17500,0,6,17500,1000,False,1,17500.0,105000,0
Home & Cleaning,Odonil Air Fresher Buy 3 Get 1 Free,22500,5,3,21300,300,False,300,71000.0,63900,1200
Home & Cleaning,"""Godrej Aer Power Pocket - Long Lasting Bathroom Fragrance Fresh Blossom""",5500,0,6,5500,10,False,10,550000.0,33000,0
Home & Cleaning,Genteel Liquid Detegrent,32000,0,6,32000,2000,False,2,16000.0,192000,0
Home & Cleaning,Scotch Brite Scrub Pad,7500,9,6,6800,290,False,5,23448.275862068964,40800,700
Home & Cleaning,Shubh kart - Nirmal Eco Box Chandan Agarbatti - 100g,6500,13,5,5600,100,False,100,56000.0,28000,900
Home & Cleaning,Surf Excel Quick Wash,60000,8,1,54900,4000,False,4,13725.0,54900,5100
Home & Cleaning,Hem Mantra Masala Agarbatti,8500,7,1,7900,50,False,50,158000.0,7900,600
Home & Cleaning,Odonil Room Air Freshener Spray Lavender Mist,14900,5,4,14100,240,False,240,58750.0,56400,800
Home & Cleaning,Chakaachak Mega Star Toilet Brush,11000,2,4,10700,58,False,1,184482.75862068965,42800,300
Home & Cleaning,Om Bhakti Wick for Diya - Cotton Long Batti ,1900,0,4,1900,50,False,50,38000.0,7600,0
Home & Cleaning,Origami Non-Woven Kitchen Towel,19000,14,4,16200,80,False,80,202500.0,64800,2800
Home & Cleaning,Shubh kart - Nirmal 5 in 1 Agarbatti Zipper - 150g,6500,13,6,5600,150,False,150,37333.333333333336,33600,900
Home & Cleaning,Harpic Lemon Bathroom Cleaner ,9500,9,6,8600,500,False,500,17200.0,51600,900
Home & Cleaning,Scotch Brite Sponge Wipes,20000,0,2,20000,174,False,3,114942.52873563218,40000,0
Home & Cleaning,Godrej Aer Spray Fresh Lush Green,15000,16,2,12600,240,False,240,52500.0,25200,2400
Home & Cleaning,Oxi Green Phenyl Concentrate,20000,10,6,18000,1000,False,1,18000.0,108000,2000
Home & Cleaning,Oxi Green Max Force Green Concentrate,10700,10,3,9600,500,False,500,19200.0,28800,1100
Home & Cleaning,Godrej Aer Morning Misty Meadows Home Air Freshener,15000,0,4,14900,240,False,240,62083.333333333336,59600,100
Home & Cleaning,Kiwi Dranex Drain Cleaner,13500,9,1,12200,348,False,6,35057.471264367814,12200,1300
Home & Cleaning,Origami Disposable Spoons,8000,10,3,7200,1160,False,20,6206.896551724138,21600,800
Home & Cleaning,Pril Bar Tub,5500,0,1,5500,500,False,500,11000.0,5500,0
Home & Cleaning,Om Bhakti Wick for Diya - Cotton Flower Batti ,1900,0,4,1900,60,False,60,31666.666666666668,7600,0
Home & Cleaning,Chakaachak Deluxe Dustpan Grey,6800,2,3,6600,58,False,1,113793.10344827586,19800,200
Home & Cleaning,Lizol Disinfectant Surface & Floor Cleaner Liquid Citrus,20500,8,3,18800,975,False,975,19282.05128205128,56400,1700
Home & Cleaning,ScotchBrite Premium Kitchen Towels,15000,18,3,12300,174,False,1,70689.6551724138,36900,2700
Home & Cleaning,Vanish All in One Powder Detergent Booster,21000,10,2,18900,400,False,400,47250.0,37800,2100
Home & Cleaning,Good Knight Fabric Personal Mosquito Repellent Roll On,7500,0,3,7500,8,False,8,937500.0,22500,0
Home & Cleaning,Gala Iron Bull Scrub Pad,14000,10,6,12600,174,False,3,72413.79310344828,75600,1400
Home & Cleaning,Tide Plus Extra Power Lemon & Mint Detergent Powder,21500,1,6,21100,2000,False,2,10550.0,126600,400
Home & Cleaning,Chakaachak Dustpan Grey,7000,2,5,6800,58,False,1,117241.37931034483,34000,200
Home & Cleaning,Mortein PowerGard Rat Kill Cake,6400,6,6,6000,100,False,100,60000.0,36000,400
Home & Cleaning,Odomos Mosquito Repellent Cream,2500,0,1,2500,23,False,25,108695.65217391304,2500,0
Home & Cleaning,Shubh kart - Nirmal Eco Box Sugandhi Mogra Agarbatti - 100g,6500,13,6,5600,100,False,100,56000.0,33600,900
Home & Cleaning,Cherry Blossom Wax Shoe Polish Black,6800,5,6,6400,40,False,40,160000.0,38400,400
Home & Cleaning,Origami Paper Plates,24000,15,5,20400,50,False,50,408000.0,102000,3600
Home & Cleaning,Gala Microfiber Magic Cloth 2-In-1,17500,9,6,15800,58,False,1,272413.79310344823,94800,1700
Home & Cleaning,Mr Muscle Dranex Drain Cleaner Kiwi,16000,6,4,14900,375,False,375,39733.333333333336,59600,1100
Home & Cleaning,Lizol Disinfectant Surface & Floor Cleaner Liquid Jasmine,10300,5,6,9700,500,False,500,19400.0,58200,600
Home & Cleaning,Odonil Room Spray Air Freshener Citrus Fres,15000,12,4,13200,137,False,137,96350.36496350366,52800,1800
Home & Cleaning,Scotch Brite Power Scrub Pad,5000,2,6,4900,58,False,1,84482.75862068965,29400,100
Home & Cleaning,Origami Good Karma Toilet Roll,27500,14,6,23400,232,False,1,100862.06896551723,140400,4100
Home & Cleaning,Shubh kart - Shubhkart Sambrani Cup Black 12n,8000,6,4,7500,696,False,12,10775.862068965518,30000,500
Home & Cleaning,Gala Scrubber Pad,7500,9,5,6800,290,False,5,23448.275862068964,34000,700
Home & Cleaning,Origami So Soft Tissue Roll Single - 340 Pulls 3 Ply,8000,0,1,8000,58,False,1,137931.03448275864,8000,0
Home & Cleaning,Odomos lotion - Mosquito Repellent,9000,8,6,8200,120,False,120,68333.33333333333,49200,800
Home & Cleaning,Surf Excel Matic Front Load Detergent Powder,53000,4,6,50700,2000,False,2,25350.0,304200,2300
Home & Cleaning,Fevicol Mr.Original General Purpose White Glue ,5000,2,6,4900,105,False,100,46666.666666666664,29400,100
Home & Cleaning,Aro Aluminium Container with Lid 230 ml,7500,9,3,6800,25,False,25,272000.0,20400,700
Home & Cleaning,Harpic Power Fresh 6 Toilet Cleaner Rim Block Floral Delight,18800,10,6,16900,35,False,35,482857.14285714284,101400,1900
Home & Cleaning,Origami So Soft Tissue Roll 3 Ply,39000,11,6,34700,696,False,12,49856.32183908046,208200,4300
Home & Cleaning,Ariel Matic Front Load Detergent Washing Powder,80000,15,6,68000,3000,False,3,22666.666666666668,408000,12000
Home & Cleaning,Gala Double Hockey Toilet Brush,15000,10,6,13500,58,False,1,232758.6206896552,81000,1500
Home & Cleaning,Surf Excel Detergent Bar Value Pack,11400,0,6,11400,800,False,800,14250.0,68400,0
Home & Cleaning,Odonil Zipper Blissful Citrus,5500,0,1,5500,10,False,10,550000.0,5500,0
Home & Cleaning,Eveready Base B22 9-Watt LED Bulb,15000,0,2,15000,58,False,1,258620.68965517243,30000,0
Home & Cleaning,Scotch Brite Sponge Wipe,33000,10,6,29700,290,False,5,102413.79310344828,178200,3300
Home & Cleaning,Domex Disinfectant Floor Cleaner,18000,5,6,17000,1000,False,1,17000.0,102000,1000
Home & Cleaning,Surf Excel Matic Powder Front Load ,81000,7,2,75000,4000,False,4,18750.0,150000,6000
Home & Cleaning,Scotch Brite Silver Sparks Scrub Pad,9000,10,6,8100,348,False,3,23275.862068965514,48600,900
Home & Cleaning,Airwick Room Air Freshener Spray Cool Water & Aloe Vera,16100,5,6,15200,245,False,245,62040.81632653061,91200,900
Home & Cleaning,Shubh kart - Surabhi Camphor Pouch 50g,9500,9,6,8600,50,False,50,172000.0,51600,900
Home & Cleaning,Pril Power Of Active Boosters,10200,0,1,10200,400,False,400,25500.0,10200,0
Home & Cleaning,Scotch Brite Tough Scrubber Brush,15000,6,6,14000,58,False,1,241379.3103448276,84000,1000
Home & Cleaning,Mortein Dual All Insect Killer Spray,28000,10,6,25200,600,False,600,42000.0,151200,2800
Home & Cleaning,Lizol Double Concentrate Disinfectant Floor Cleaner Lavender,32500,10,6,29200,900,False,900,32444.44444444444,175200,3300
Home & Cleaning,Eveready Ultima Alkaline Battery AAA,6800,0,6,6800,116,False,2,58620.68965517241,40800,0
Home & Cleaning,Shubh kart - Tejas Twisted Cotton Wicks 1000n,3000,6,6,2800,1000,False,1000,2800.0,16800,200
Home & Cleaning,Lizol Double Concentrate Disinfectant Floor Cleaner Citrus,65000,8,6,59800,1900,False,1,31473.684210526317,358800,5200
Home & Cleaning,Surf Excel Matic Top Load,72000,9,4,64900,4000,False,4,16225.000000000002,259600,7100
Home & Cleaning,Oxi Green Dish Wash Liquid - Lemon,10500,6,6,9800,500,False,500,19600.0,58800,700
Home & Cleaning,Mangalam Camphor,10000,10,6,9000,50,False,50,180000.0,54000,1000
Home & Cleaning,Cherry Blossom Liquid Wax Polish (Dark Tan),9800,5,6,9300,75,False,75,124000.0,55800,500
Home & Cleaning,Gala EzeeSqueegee Wiper,15000,10,6,13500,58,False,1,232758.6206896552,81000,1500
Home & Cleaning,Lizol Disinfectant Surface & Floor Cleaner Liquid Pine,20500,8,6,18800,975,False,975,19282.05128205128,112800,1700
Home & Cleaning,Philips Stellar Bright 16W Light Bulb,39000,16,6,32400,58,False,1,558620.6896551724,194400,6600
Home & Cleaning,Airwick EverFresh Gel Bathroom Air Freshener - Lavender Dew,7000,10,6,6300,50,False,50,126000.0,37800,700
Home & Cleaning,Origami Cups Plain 100 units,15500,14,5,13200,100,False,100,132000.0,66000,2300
Home & Cleaning,Airwick EverFresh Gel Bathroom Air Freshener - Citrus Splash,7000,10,6,6300,50,False,50,126000.0,37800,700
Home & Cleaning,Ariel Matic Liquid Detergent Front Load,25000,0,6,25000,1000,False,1,25000.0,150000,0
Home & Cleaning,Om Bhakti Gangajal Packed At Gangotri,3000,3,6,2900,220,False,220,13181.818181818182,17400,100
Home & Cleaning,Odonil Air Freshner Lavender Meadows,7500,5,4,7100,75,False,75,94666.66666666667,28400,400
Home & Cleaning,Om Bhakti Haldi ,1200,0,4,1200,15,False,15,80000.0,4800,0
Home & Cleaning,Cherry Blossom Wax Shoe Polish Dark Tan,6800,5,6,6400,40,False,40,160000.0,38400,400
Home & Cleaning,Dabur Odomos Naturals Mosquito Repellant Gel,7500,8,4,6900,80,False,80,86250.0,27600,600
Home & Cleaning,Shubh kart - Nirmal sugandhi mogra wet dhoop zipper 20 sticks,3000,6,6,2800,1160,False,20,2413.793103448276,16800,200
Home & Cleaning,Lizol Disinfectant Surface & Floor Cleaner Liquid Floral,20500,8,6,18800,975,False,975,19282.05128205128,112800,1700
Home & Cleaning,Om Bhakti Wick for Diya - Ghee Cotton Wicks Big ,18900,10,6,17000,30,False,30,566666.6666666666,102000,1900
Home & Cleaning,Air Wick Room Air Freshener Spray - Lavender & Lotus,16100,5,6,15200,245,False,245,62040.81632653061,91200,900
Home & Cleaning,Scotch Brite Kitchen Sink Brush,13500,9,5,12200,58,False,1,210344.8275862069,61000,1300
Home & Cleaning,Odonil Room Air Freshener Spray - Lavender Mist,15000,12,1,13200,137,False,137,96350.36496350366,13200,1800
Home & Cleaning,Godrej Aer Power Pocket - Long Lasting Bathroom Fragrance Lavender Bloom,5500,0,4,5500,10,False,10,550000.0,22000,0
Home & Cleaning,Origami Good Karma Paper Serviettes ,8000,10,6,7200,50,False,50,144000.0,43200,800
Home & Cleaning,Scotch Magic Tape,11500,14,6,9800,58,False,1,168965.5172413793,58800,1700
Home & Cleaning,Ambi Pur Car Freshener Gel - Relaxing Lavender,29900,10,2,26900,75,False,75,358666.6666666667,53800,3000
Home & Cleaning,Origami Kitchen Towels 4 in 1 60 Pulls 2 Ply,26500,0,6,26500,58,False,1,456896.5517241379,159000,0
Home & Cleaning,Ariel Matic Liquid Detergent Front Load,22500,0,6,22500,1000,False,1,22500.0,135000,0
Home & Cleaning,Om Bhakti Wick for Diya - Ghee Cotton Wicks Small ,13900,10,6,12500,30,False,30,416666.6666666667,75000,1400
Home & Cleaning,Chakaachak Super Strong Scrub,2900,3,5,2800,58,False,1,48275.862068965514,14000,100
Home & Cleaning,Nimyle Lemongrass Floor Cleaner,16500,5,5,15600,975,False,975,16000.0,78000,900
Home & Cleaning,Oxi Green Floor Cleaner - Citrus ,17900,10,6,16100,1000,False,1,16100.000000000002,96600,1800
Home & Cleaning,Airwick Room Air Freshener Spray - Rose & Saffron,16100,5,5,15200,245,False,245,62040.81632653061,76000,900
Home & Cleaning,Origami Luxuria Kitchen Towel 300 Pulls Single,32000,0,2,32000,58,False,1,551724.1379310346,64000,0
Home & Cleaning,Philips EyePro 10.5W Light Bulb,22000,10,6,19800,58,False,1,341379.31034482754,118800,2200
Home & Cleaning,Mangalam Camphor Tablet Jar,28000,10,6,25200,100,False,100,252000.0,151200,2800
Home & Cleaning,Chakaachak Super Sponge Wipes (Pack of 3),14000,0,6,14000,174,False,3,80459.77011494253,84000,0
Home & Cleaning,"""Origami Good Karma Paper Serviettes - 100 napkins (1 ply)""",7800,10,6,7000,58,False,1,120689.6551724138,42000,800
Home & Cleaning,Robin Dazzling Liquid Blue After Wash,7400,5,6,7000,200,False,200,35000.0,42000,400
Home & Cleaning,Om Bhakti Camphor Big,11900,10,6,10700,40,False,40,267500.0,64200,1200
Home & Cleaning,Om Bhakti Wick for Diya - Cotton Long Batti ,2000,0,6,2000,75,False,75,26666.666666666668,12000,0
Home & Cleaning,Om Bhakti Camphor Small,7900,10,6,7100,25,False,25,284000.0,42600,800
Home & Cleaning,Ariel Matic Top Load Detergent Washing Powder,49900,0,1,49900,2000,False,2,24950.0,49900,0
Home & Cleaning,Scotch Brite Multi-Purpose Sponge Wipes,70000,17,6,58100,580,False,10,100172.41379310345,348600,11900
Home & Cleaning,Surabhi Pure Camphor,5000,2,6,4900,25,False,25,196000.0,29400,100
Home & Cleaning,Lizol Double Concentrate Disinfectant Floor Cleaner Citrus,32500,5,6,30800,900,False,900,34222.22222222222,184800,1700
Home & Cleaning,Chakaachak Floor Pocha Large,5000,0,1,5000,58,False,1,86206.89655172414,5000,0
Home & Cleaning,Ariel Matic Front Load Liquid Detergent,22000,0,4,22000,1000,False,1,22000.0,88000,0
Home & Cleaning,Harpic Power Fresh 6 Toilet Cleaner Rim Block Marine Splash,18800,10,4,16900,35,False,35,482857.14285714284,67600,1900
Home & Cleaning,Chakaachak Dust Proof Broom,18000,2,6,17500,58,False,1,301724.1379310345,105000,500
Home & Cleaning,Cherry Blossom Liquid Shoe Polish Neutral ,0,0,1,0,75,False,75,0.0,0,0
Home & Cleaning,Om Bhakti Kumkum ,1200,0,6,1200,15,False,15,80000.0,7200,0
Home & Cleaning,Apsara Non Dust Eraser,6000,10,5,5400,1160,False,20,4655.172413793103,27000,600
Home & Cleaning,Chakaachak Power Scrub (Pack of 2),4200,2,6,4100,116,False,2,35344.8275862069,24600,100
Home & Cleaning,Om Bhakti Wick for Diya - Vanaspati Ghee Cotton Wicks Small ,6900,11,6,6100,30,False,30,203333.33333333334,36600,800
Home & Cleaning,Whiskas Adult +1 year Salmon in Gravy,25000,10,3,22500,85,False,1,264705.88235294115,67500,2500
Home & Cleaning,Origami Paper Party Plates,24000,0,6,24000,580,False,50,41379.31034482759,144000,0
Home & Cleaning,Gala Microfiber Multipurpose Cloth,14000,7,6,12900,58,False,1,222413.7931034483,77400,1100
Home & Cleaning,Ariel Matic Front Load Detergent Powder,26000,0,6,26000,1000,False,1,26000.0,156000,0
Home & Cleaning,Ariel Matic Liquid Detergent Front Load,25000,0,4,25000,1000,False,1,25000.0,100000,0
Home & Cleaning,Vim Dishwash Bar,2300,4,0,2200,300,True,300,7333.333333333333,0,100
Home & Cleaning,Dettol Effective Protection Antiseptic Liquid,11600,0,0,11600,250,True,250,46400.0,0,0
Home & Cleaning,Godrej Good Night Gold Flash Liquid Vapouriser,8900,0,0,8900,60,True,60,148333.33333333334,0,0
Home & Cleaning,Rin Detergent Powder,8600,2,0,8400,1000,True,1,8400.0,0,200
Home & Cleaning,Surf Excel Easy Wash Detergent Powder,13600,3,0,13100,1000,True,1,13100.0,0,500
Home & Cleaning,Rin Detergent Bar,1000,0,0,1000,140,True,140,7142.857142857143,0,0
Home & Cleaning,Odomos Mosquito Repellent Spray,9000,8,0,8200,100,True,100,82000.0,0,800
Home & Cleaning,Chakaachak Super Steel Scrubber,1200,8,0,1100,58,True,1,18965.517241379308,0,100
Home & Cleaning,Scotch-Brite Scrub Sponge Ideal For Dishwash Liquid,6500,9,0,5900,116,True,2,50862.06896551724,0,600
Home & Cleaning,Gala No Dust Broom,19000,7,0,17500,58,True,1,301724.1379310345,0,1500
Home & Cleaning,Chakaachak Eazo Grass Broom New ,10500,2,0,10200,58,True,1,175862.06896551725,0,300
Home & Cleaning,Vim Dishwash Bar,4500,0,0,4500,600,True,600,7500.0,0,0
Home & Cleaning,Rin Fabric Whitener Detergent,6900,10,0,6200,500,True,500,12400.0,0,700
Home & Cleaning,Comfort After Wash Fabric Conditioner Lily Fresh ,23500,9,0,21200,860,True,860,24651.162790697676,0,2300
Home & Cleaning,Ujala Superme For Super Whiteness Of Clothes,2500,0,0,2500,75,True,75,33333.333333333336,0,0
Home & Cleaning,Surf Excel Quick Wash,20800,6,0,19500,1000,True,1,19500.0,0,1300
Home & Cleaning,Scotch BOPP Packaging Tape,8000,15,0,6800,58,True,1,117241.37931034483,0,1200
Home & Cleaning,Origami Plates Plain,25000,10,0,22500,100,True,100,225000.0,0,2500
Home & Cleaning,Dettol Antiseptic Liquid,3000,0,0,3000,60,True,60,50000.0,0,0
Health & Hygiene,Epigamia Fruit Yogurt Alphonso Mango,4000,50,6,2000,75,False,75,26666.666666666668,12000,2000
Health & Hygiene,Epigamia Fruit Yogurt Vanilla,4000,50,6,2000,75,False,75,26666.666666666668,12000,2000
Health & Hygiene,Nestle A+ Actiplus Probiotic Dahi Plain Curd,7800,3,5,7500,400,False,400,18750.0,37500,300
Health & Hygiene,Dettol Original Germ Protection Alcohol Based Hand Sanitizer,2500,0,6,2500,50,False,50,50000.0,15000,0
Health & Hygiene,Dettol Antiseptic Disinfectant Liquid,6600,0,6,6600,125,False,125,52800.0,39600,0
Health & Hygiene,Durex Air Ultra Thin Condoms,8200,0,6,8200,174,False,3,47126.43678160919,49200,0
Health & Hygiene,Durex Air Ultra Thin Condom,24500,10,6,22000,580,False,10,37931.034482758616,132000,2500
Health & Hygiene,Dabur Regular Hajmola,4500,6,6,4200,120,False,120,35000.0,25200,300
Health & Hygiene,Hajmola Anardana Digestive Tablets,4500,6,2,4200,120,False,180,35000.0,8400,300
Health & Hygiene,Zandu Balm,4000,10,4,3600,8,False,8,450000.0,14400,400
Health & Hygiene,Vicks Cough Drops Menthol,2000,0,6,2000,1160,False,20,1724.1379310344826,12000,0
Health & Hygiene,Durex Extra Time Condoms,22800,10,6,20500,580,False,10,35344.8275862069,123000,2300
Health & Hygiene,Vicks Vaporub,8500,9,6,7700,25,False,25,308000.0,46200,800
Health & Hygiene,Dettol Antiseptic Liquid,3300,0,4,3300,60,False,60,55000.0,13200,0
Health & Hygiene,Veet Sensitive Skin Hair Removal Cream,13500,5,6,12800,50,False,50,256000.0,76800,700
Health & Hygiene,Vicks VapoRub,14500,11,2,12900,50,False,50,258000.0,25800,1600
Health & Hygiene,Dabur Hajmola Imli Digestive Tablets,4500,6,6,4200,120,False,120,35000.0,25200,300
Health & Hygiene,Dettol Antiseptic Liquid + Disinfectant Spray - Original,15900,10,6,14300,225,False,225,63555.555555555555,85800,1600
Health & Hygiene,Iodex Body Pain Expert ,4000,2,6,3900,8,False,8,487500.0,23400,100
Health & Hygiene,Patanjali Hing Goli,6500,10,4,5800,100,False,100,58000.0,23200,700
Health & Hygiene,Moov Fast Pain Relief Cream,18900,15,6,16000,50,False,50,320000.0,96000,2900
Health & Hygiene,Dettol Hand Sanitizer,10000,5,6,9500,200,False,200,47500.0,57000,500
Health & Hygiene,Whisper Ultra Soft XL+ Sanitary Pads,33000,2,6,32300,30,False,30,1076666.6666666667,193800,700
Health & Hygiene,Whisper Choice Regular Wing Sanitary Pad,3000,0,2,3000,406,False,7,7389.162561576355,6000,0
Health & Hygiene,Savlon Surface Disinfectant Spray,16500,10,6,14800,170,False,170,87058.82352941176,88800,1700
Health & Hygiene,Durex Extra Thin Condoms,22800,10,6,20500,580,False,10,35344.8275862069,123000,2300
Health & Hygiene,Stayfree Secure Dry Cover Regular Sanitary Pad With Wings,3000,3,6,2900,406,False,7,7142.857142857143,17400,100
Health & Hygiene,Eno Fruit Salt Lemon Flavour Energy Powder,13000,10,6,11700,100,False,100,117000.0,70200,1300
Health & Hygiene,Moov Pain Relief Specialist Spray,14900,5,5,14100,35,False,35,402857.14285714284,70500,800
Health & Hygiene,Savlon Germ Protection Wipes,18900,10,6,17000,72,False,72,236111.11111111112,102000,1900
Health & Hygiene,Veet Hair Removal Cream Dry Skin,13500,5,5,12800,50,False,50,256000.0,64000,700
Health & Hygiene,Whisper Ultra Soft Air Fresh Sanitary Pads (XL) with Wings,31500,0,4,31500,30,False,30,1050000.0,126000,0
Health & Hygiene,Whisper Choice Regular Sanitary Pads,9000,0,6,9000,1160,False,20,7758.620689655173,54000,0
Health & Hygiene,Whisper Ultra Clean Wings XL+  Pouch,44900,7,6,41500,44,False,44,943181.8181818181,249000,3400
Health & Hygiene,Durex Extra Ribbed Condoms,24500,10,2,22000,580,False,10,37931.034482758616,44000,2500
Health & Hygiene,Eno Regular Fruit Salt Energy Powder,13000,0,6,13000,100,False,100,130000.0,78000,0
Health & Hygiene,Durex Extra Thin Bubblegum Condom,15000,10,6,13500,580,False,10,23275.862068965514,81000,1500
Health & Hygiene,Dabur Hajmola Pudina - Digestive Tablets,4500,6,6,4200,120,False,120,35000.0,25200,300
Health & Hygiene,Baidyanath Isabgol,11000,22,3,8500,100,False,100,85000.0,25500,2500
Health & Hygiene,Kapiva Thar Aloe Vera Juice,29900,15,6,25400,1000,False,1,25400.0,152400,4500
Health & Hygiene,Fine Life Cotton Balls,11000,10,6,9900,100,False,100,99000.0,59400,1100
Health & Hygiene,Stayfree Dry Max All Night XL Dry Cover Sanitary Pads,34000,12,6,29800,28,False,28,1064285.7142857143,178800,4200
Health & Hygiene,Moov Pain Releiver Spray,29000,15,6,24600,80,False,80,307500.0,147600,4400
Health & Hygiene,Whisper Ultra Clean XL Plus Sanitary Pad,17500,0,5,17500,870,False,15,20114.94252873563,87500,0
Health & Hygiene,Durex Condoms Mutual Climax,12000,0,6,12000,174,False,3,68965.51724137932,72000,0
Health & Hygiene,Durex Extra Dots Condoms,22800,10,6,20500,580,False,10,35344.8275862069,123000,2300
Health & Hygiene,Zandu Balm Ulter Power For Strong Headache Bodyache & Cold,4500,8,6,4100,8,False,8,512500.0,24600,400
Health & Hygiene,Dabur Hajmola Maha Candy - Aam+Imli,13000,5,1,12300,130,False,130,94615.38461538461,12300,700
Health & Hygiene,Whisper Choice Ultra XL Sanitary Pad,13300,2,5,13000,1160,False,20,11206.89655172414,65000,300
Health & Hygiene,Veet Full Body Waxing Kit For Dry Skin,23500,7,6,21800,1160,False,20,18793.103448275862,130800,1700
Health & Hygiene,Dabur Chyawanprakash - Sugar Free,41500,7,6,38500,900,False,900,42777.77777777778,231000,3000
Health & Hygiene,Zandu Balm,8500,10,5,7600,25,False,25,304000.0,38000,900
Health & Hygiene,Himalaya Cold Balm,12500,9,6,11300,45,False,45,251111.11111111112,67800,1200
Health & Hygiene,Dettol Clinical Strength Hand Sanitizer Liquid,25000,10,6,22500,500,False,500,45000.0,135000,2500
Health & Hygiene,Kapiva Wild Amla Juice,24900,14,6,21200,1000,False,1,21200.0,127200,3700
Health & Hygiene,Dabur Chyawanprash,34900,3,6,33800,950,False,1,35578.94736842105,202800,1100
Health & Hygiene,Amrutanjan Pain Balm Extra Power,10000,11,6,8900,28,False,27,317857.14285714284,53400,1100
Health & Hygiene,Stayfree Dry-Max All Night Ultra-Dry Sanitary Pad,9000,10,6,8100,406,False,7,19950.738916256156,48600,900
Health & Hygiene,Whisper Ultra Clean XL Plus Sanitary Pad,15500,0,6,15500,870,False,15,17816.091954022988,93000,0
Health & Hygiene,Durex Mutual Climax Condoms,36000,15,6,30600,580,False,10,52758.620689655174,183600,5400
Health & Hygiene,Whisper Daily Liners Clean and Fresh,10500,0,4,10500,1160,False,20,9051.724137931034,42000,0
Health & Hygiene,Moov Cream Regular,5000,6,4,4700,10,False,10,470000.0,18800,300
Health & Hygiene,Moov Pain Relief Specialist,7500,5,6,7100,15,False,15,473333.3333333333,42600,400
Health & Hygiene,Dabur Chyawanprakash Sugar Free,23500,5,6,22300,500,False,500,44600.0,133800,1200
Health & Hygiene,Baidyanath Isabgol,11000,22,5,8500,100,False,100,85000.0,42500,2500
Health & Hygiene,Veet Hair Removal Cream (Normal Skin),13500,5,6,12800,50,False,50,256000.0,76800,700
Health & Hygiene,Stayfree Advanced XL Ultra Comfort Sanitary napkins with Wings,17500,0,3,17500,812,False,14,21551.724137931036,52500,0
Health & Hygiene,Savlon Clothes Disinfectant & Refreshing Spray Fresh Breeze,17500,10,6,15700,230,False,230,68260.86956521739,94200,1800
Health & Hygiene,Dabur Chyawanprash Immunity Booster,19000,6,6,17700,500,False,500,35400.0,106200,1300
Health & Hygiene,Vicks Inhaler with Keychain,10500,9,4,9500,116,False,2,81896.55172413794,38000,1000
Health & Hygiene,Stayfree Secure XL Size Sanitary Napkins,11500,0,5,11500,1160,False,20,9913.793103448275,57500,0
Health & Hygiene,Dabur Ayurvedic Tulsi Drops (Immunity Booster),19500,6,6,18200,30,False,30,606666.6666666666,109200,1300
Health & Hygiene,Organic India Wheat Grass,39500,20,4,31600,100,False,100,316000.0,126400,7900
Health & Hygiene,Organic India Organic Chyawanprash,49500,20,6,39600,500,False,500,79200.0,237600,9900
Health & Hygiene,Organic India Sugar Balance 60 Capsules Bottle,22500,0,6,22500,60,False,60,375000.0,135000,0
Health & Hygiene,Whisper Ultra Soft XL+ Sanitary Pads,55500,0,1,55500,60,False,60,925000.0,55500,0
Health & Hygiene,Dabur - Chyawanprash,9900,0,1,9900,250,False,25,39600.0,9900,0
Health & Hygiene,Vicks BabyRub,10500,11,6,9300,25,False,25,372000.0,55800,1200
Health & Hygiene,Bombay Shaving Company Sensitive Cartridges,37500,0,2,37500,116,False,2,323275.8620689655,75000,0
Health & Hygiene,Organic India Brahmi Bottle,20500,20,1,16400,60,False,60,273333.3333333333,16400,4100
Health & Hygiene,Horlicks Protein Plus Chocolate,27000,0,2,27000,200,False,200,135000.0,54000,0
Health & Hygiene,Dabur Nature Care Isabgol - Double Action,14000,5,6,13300,100,False,100,133000.0,79800,700
Health & Hygiene,Kapiva Wild Tulsi Giloy Juice |,40000,15,1,34000,1000,False,1,34000.0,34000,6000
Health & Hygiene,Dabur Amla Juice,23500,15,6,19900,1000,False,1,19900.0,119400,3600
Health & Hygiene,Epigamia Fruit Yogurt Strawberry,4000,50,0,2000,75,True,75,26666.666666666668,0,2000
Health & Hygiene,Dettol Effective Protection Antiseptic Liquid,11600,0,0,11600,250,True,250,46400.0,0,0
Health & Hygiene,Stayfree Secure Cottony Soft Cover Sanitary Pad (Regular) with Wings,3000,3,0,2900,406,True,7,7142.857142857143,0,100
Health & Hygiene,"Eno Cooling Sachets - Cool Mint, 6 Pieces Carton",5400,11,0,4800,5,True,5,960000.0,0,600
Health & Hygiene,Whisper Choice Sanitary Pad ,3200,9,0,2900,406,True,7,7142.857142857143,0,300
Health & Hygiene,Whisper Bindazzz Nights XL + Sanitary Pad,9000,0,0,9000,406,True,7,22167.487684729065,0,0
Health & Hygiene,Gillette Venus Close & Clean Razor ,24900,7,0,23000,58,True,1,396551.7241379311,0,1900
Health & Hygiene,Whisper Choice Regular Sanitary Pads,9000,3,0,8700,58,True,20,150000.0,0,300
Health & Hygiene,Stayfree Secure Dry Cover Extra Large Sanitary Pad,4200,2,0,4100,406,True,7,10098.522167487685,0,100
Health & Hygiene,Dabur Honitus Herbal Cough Remedy Ayurvedic Syrup,10500,15,0,8900,100,True,100,89000.0,0,1600
Health & Hygiene,Whisper Bindazzz Night Sanitary Pads XL Plus,18500,0,0,18500,870,True,15,21264.367816091955,0,0
Health & Hygiene,Fine Life Cotton Balls,6000,0,0,6000,50,True,50,120000.0,0,0
Health & Hygiene,Dettol Antiseptic Liquid,3000,0,0,3000,60,True,60,50000.0,0,0
